%YAML 1.1
%TAG !u! tag:unity3d.com,2011:
--- !u!1 &3036832525642913888
GameObject:
  m_ObjectHideFlags: 0
  m_CorrespondingSourceObject: {fileID: 0}
  m_PrefabInstance: {fileID: 0}
  m_PrefabAsset: {fileID: 0}
  serializedVersion: 6
  m_Component:
  - component: {fileID: 8066026174380907727}
  - component: {fileID: 3206700226946220574}
  m_Layer: 0
  m_Name: Plattform_x2
  m_TagString: Untagged
  m_Icon: {fileID: 0}
  m_NavMeshLayer: 0
  m_StaticEditorFlags: 0
  m_IsActive: 1
--- !u!4 &8066026174380907727
Transform:
  m_ObjectHideFlags: 0
  m_CorrespondingSourceObject: {fileID: 0}
  m_PrefabInstance: {fileID: 0}
  m_PrefabAsset: {fileID: 0}
  m_GameObject: {fileID: 3036832525642913888}
  m_LocalRotation: {x: 0.000000021855694, y: -0, z: -0, w: 1}
  m_LocalPosition: {x: 0, y: 0, z: 0}
  m_LocalScale: {x: 1, y: 1, z: 1}
  m_Children:
  - {fileID: 7776925945033479560}
  - {fileID: 9108414832622267137}
  m_Father: {fileID: 0}
  m_RootOrder: 0
  m_LocalEulerAnglesHint: {x: 0, y: 0, z: 0}
--- !u!114 &3206700226946220574
MonoBehaviour:
  m_ObjectHideFlags: 0
  m_CorrespondingSourceObject: {fileID: 0}
  m_PrefabInstance: {fileID: 0}
  m_PrefabAsset: {fileID: 0}
  m_GameObject: {fileID: 3036832525642913888}
  m_Enabled: 1
  m_EditorHideFlags: 0
  m_Script: {fileID: 11500000, guid: 9da8a0446da388c468fa7c3e434f7bc6, type: 3}
  m_Name: 
  m_EditorClassIdentifier: 
--- !u!1001 &243195733506364681
PrefabInstance:
  m_ObjectHideFlags: 0
  serializedVersion: 2
  m_Modification:
    m_TransformParent: {fileID: 8066026174380907727}
    m_Modifications:
    - target: {fileID: 7189681687071332923, guid: 010ef69ce1101ca43b4ed139c0b66ba8,
        type: 3}
      propertyPath: m_Name
      value: Plattform_Base
      objectReference: {fileID: 0}
    - target: {fileID: 7533732496466559105, guid: 010ef69ce1101ca43b4ed139c0b66ba8,
        type: 3}
      propertyPath: m_RootOrder
      value: 0
      objectReference: {fileID: 0}
    - target: {fileID: 7533732496466559105, guid: 010ef69ce1101ca43b4ed139c0b66ba8,
        type: 3}
      propertyPath: m_LocalPosition.x
      value: 1.1
      objectReference: {fileID: 0}
    - target: {fileID: 7533732496466559105, guid: 010ef69ce1101ca43b4ed139c0b66ba8,
        type: 3}
      propertyPath: m_LocalPosition.y
      value: 0
      objectReference: {fileID: 0}
    - target: {fileID: 7533732496466559105, guid: 010ef69ce1101ca43b4ed139c0b66ba8,
        type: 3}
      propertyPath: m_LocalPosition.z
      value: 0
      objectReference: {fileID: 0}
    - target: {fileID: 7533732496466559105, guid: 010ef69ce1101ca43b4ed139c0b66ba8,
        type: 3}
      propertyPath: m_LocalRotation.w
      value: 1
      objectReference: {fileID: 0}
    - target: {fileID: 7533732496466559105, guid: 010ef69ce1101ca43b4ed139c0b66ba8,
        type: 3}
      propertyPath: m_LocalRotation.x
      value: 0.000000021855694
      objectReference: {fileID: 0}
    - target: {fileID: 7533732496466559105, guid: 010ef69ce1101ca43b4ed139c0b66ba8,
        type: 3}
      propertyPath: m_LocalRotation.y
      value: -0
      objectReference: {fileID: 0}
    - target: {fileID: 7533732496466559105, guid: 010ef69ce1101ca43b4ed139c0b66ba8,
        type: 3}
      propertyPath: m_LocalRotation.z
      value: -0
      objectReference: {fileID: 0}
    - target: {fileID: 7533732496466559105, guid: 010ef69ce1101ca43b4ed139c0b66ba8,
        type: 3}
      propertyPath: m_LocalEulerAnglesHint.x
      value: 0
      objectReference: {fileID: 0}
    - target: {fileID: 7533732496466559105, guid: 010ef69ce1101ca43b4ed139c0b66ba8,
        type: 3}
      propertyPath: m_LocalEulerAnglesHint.y
      value: 0
      objectReference: {fileID: 0}
    - target: {fileID: 7533732496466559105, guid: 010ef69ce1101ca43b4ed139c0b66ba8,
        type: 3}
      propertyPath: m_LocalEulerAnglesHint.z
      value: 0
      objectReference: {fileID: 0}
    m_RemovedComponents: []
  m_SourcePrefab: {fileID: 100100000, guid: 010ef69ce1101ca43b4ed139c0b66ba8, type: 3}
--- !u!4 &7776925945033479560 stripped
Transform:
  m_CorrespondingSourceObject: {fileID: 7533732496466559105, guid: 010ef69ce1101ca43b4ed139c0b66ba8,
    type: 3}
  m_PrefabInstance: {fileID: 243195733506364681}
  m_PrefabAsset: {fileID: 0}
--- !u!1001 &1651315567181540224
PrefabInstance:
  m_ObjectHideFlags: 0
  serializedVersion: 2
  m_Modification:
    m_TransformParent: {fileID: 8066026174380907727}
    m_Modifications:
    - target: {fileID: 7189681687071332923, guid: 010ef69ce1101ca43b4ed139c0b66ba8,
        type: 3}
      propertyPath: m_Name
      value: Plattform_Base
      objectReference: {fileID: 0}
    - target: {fileID: 7533732496466559105, guid: 010ef69ce1101ca43b4ed139c0b66ba8,
        type: 3}
      propertyPath: m_RootOrder
      value: 1
      objectReference: {fileID: 0}
    - target: {fileID: 7533732496466559105, guid: 010ef69ce1101ca43b4ed139c0b66ba8,
        type: 3}
      propertyPath: m_LocalPosition.x
      value: -1
      objectReference: {fileID: 0}
    - target: {fileID: 7533732496466559105, guid: 010ef69ce1101ca43b4ed139c0b66ba8,
        type: 3}
      propertyPath: m_LocalPosition.y
      value: 0
      objectReference: {fileID: 0}
    - target: {fileID: 7533732496466559105, guid: 010ef69ce1101ca43b4ed139c0b66ba8,
        type: 3}
      propertyPath: m_LocalPosition.z
      value: 0
      objectReference: {fileID: 0}
    - target: {fileID: 7533732496466559105, guid: 010ef69ce1101ca43b4ed139c0b66ba8,
        type: 3}
      propertyPath: m_LocalRotation.w
      value: 1
      objectReference: {fileID: 0}
    - target: {fileID: 7533732496466559105, guid: 010ef69ce1101ca43b4ed139c0b66ba8,
        type: 3}
      propertyPath: m_LocalRotation.x
      value: 0.000000021855694
      objectReference: {fileID: 0}
    - target: {fileID: 7533732496466559105, guid: 010ef69ce1101ca43b4ed139c0b66ba8,
        type: 3}
      propertyPath: m_LocalRotation.y
      value: -0
      objectReference: {fileID: 0}
    - target: {fileID: 7533732496466559105, guid: 010ef69ce1101ca43b4ed139c0b66ba8,
        type: 3}
      propertyPath: m_LocalRotation.z
      value: -0
      objectReference: {fileID: 0}
    - target: {fileID: 7533732496466559105, guid: 010ef69ce1101ca43b4ed139c0b66ba8,
        type: 3}
      propertyPath: m_LocalEulerAnglesHint.x
      value: 0
      objectReference: {fileID: 0}
    - target: {fileID: 7533732496466559105, guid: 010ef69ce1101ca43b4ed139c0b66ba8,
        type: 3}
      propertyPath: m_LocalEulerAnglesHint.y
      value: 0
      objectReference: {fileID: 0}
    - target: {fileID: 7533732496466559105, guid: 010ef69ce1101ca43b4ed139c0b66ba8,
        type: 3}
      propertyPath: m_LocalEulerAnglesHint.z
      value: 0
      objectReference: {fileID: 0}
    m_RemovedComponents: []
  m_SourcePrefab: {fileID: 100100000, guid: 010ef69ce1101ca43b4ed139c0b66ba8, type: 3}
--- !u!4 &9108414832622267137 stripped
Transform:
  m_CorrespondingSourceObject: {fileID: 7533732496466559105, guid: 010ef69ce1101ca43b4ed139c0b66ba8,
    type: 3}
  m_PrefabInstance: {fileID: 1651315567181540224}
  m_PrefabAsset: {fileID: 0}
