%YAML 1.1
%TAG !u! tag:unity3d.com,2011:
--- !u!1 &379121034734604833
GameObject:
  m_ObjectHideFlags: 0
  m_CorrespondingSourceObject: {fileID: 0}
  m_PrefabInstance: {fileID: 0}
  m_PrefabAsset: {fileID: 0}
  serializedVersion: 6
  m_Component:
  - component: {fileID: 6182790852991445837}
  m_Layer: 0
  m_Name: Screen_x1
  m_TagString: Untagged
  m_Icon: {fileID: 0}
  m_NavMeshLayer: 0
  m_StaticEditorFlags: 0
  m_IsActive: 1
--- !u!4 &6182790852991445837
Transform:
  m_ObjectHideFlags: 0
  m_CorrespondingSourceObject: {fileID: 0}
  m_PrefabInstance: {fileID: 0}
  m_PrefabAsset: {fileID: 0}
  m_GameObject: {fileID: 379121034734604833}
  m_LocalRotation: {x: 0.000000021855694, y: -0, z: -0, w: 1}
  m_LocalPosition: {x: 0, y: 0, z: 0}
  m_LocalScale: {x: 1, y: 1, z: 1}
  m_Children:
  - {fileID: 2496154947598049744}
  - {fileID: 8806210111529436285}
  - {fileID: 6991464774593214186}
  - {fileID: 3750157894253818428}
  m_Father: {fileID: 0}
  m_RootOrder: 0
  m_LocalEulerAnglesHint: {x: 0, y: 0, z: 0}
--- !u!1001 &664262693789584442
PrefabInstance:
  m_ObjectHideFlags: 0
  serializedVersion: 2
  m_Modification:
    m_TransformParent: {fileID: 6182790852991445837}
    m_Modifications:
    - target: {fileID: 7168204354093572202, guid: aa8635129b6c891479755679cd5908f0,
        type: 3}
      propertyPath: m_Name
      value: Screen_Base (2)
      objectReference: {fileID: 0}
    - target: {fileID: 7507856051821591248, guid: aa8635129b6c891479755679cd5908f0,
        type: 3}
      propertyPath: m_RootOrder
      value: 2
      objectReference: {fileID: 0}
    - target: {fileID: 7507856051821591248, guid: aa8635129b6c891479755679cd5908f0,
        type: 3}
      propertyPath: m_LocalPosition.x
      value: -3.25
      objectReference: {fileID: 0}
    - target: {fileID: 7507856051821591248, guid: aa8635129b6c891479755679cd5908f0,
        type: 3}
      propertyPath: m_LocalPosition.y
      value: 0.9
      objectReference: {fileID: 0}
    - target: {fileID: 7507856051821591248, guid: aa8635129b6c891479755679cd5908f0,
        type: 3}
      propertyPath: m_LocalPosition.z
      value: 0
      objectReference: {fileID: 0}
    - target: {fileID: 7507856051821591248, guid: aa8635129b6c891479755679cd5908f0,
        type: 3}
      propertyPath: m_LocalRotation.w
      value: 1
      objectReference: {fileID: 0}
    - target: {fileID: 7507856051821591248, guid: aa8635129b6c891479755679cd5908f0,
        type: 3}
      propertyPath: m_LocalRotation.x
      value: -0
      objectReference: {fileID: 0}
    - target: {fileID: 7507856051821591248, guid: aa8635129b6c891479755679cd5908f0,
        type: 3}
      propertyPath: m_LocalRotation.y
      value: -0
      objectReference: {fileID: 0}
    - target: {fileID: 7507856051821591248, guid: aa8635129b6c891479755679cd5908f0,
        type: 3}
      propertyPath: m_LocalRotation.z
      value: -0
      objectReference: {fileID: 0}
    - target: {fileID: 7507856051821591248, guid: aa8635129b6c891479755679cd5908f0,
        type: 3}
      propertyPath: m_LocalEulerAnglesHint.x
      value: 0
      objectReference: {fileID: 0}
    - target: {fileID: 7507856051821591248, guid: aa8635129b6c891479755679cd5908f0,
        type: 3}
      propertyPath: m_LocalEulerAnglesHint.y
      value: 0
      objectReference: {fileID: 0}
    - target: {fileID: 7507856051821591248, guid: aa8635129b6c891479755679cd5908f0,
        type: 3}
      propertyPath: m_LocalEulerAnglesHint.z
      value: 0
      objectReference: {fileID: 0}
    m_RemovedComponents: []
  m_SourcePrefab: {fileID: 100100000, guid: aa8635129b6c891479755679cd5908f0, type: 3}
--- !u!4 &6991464774593214186 stripped
Transform:
  m_CorrespondingSourceObject: {fileID: 7507856051821591248, guid: aa8635129b6c891479755679cd5908f0,
    type: 3}
  m_PrefabInstance: {fileID: 664262693789584442}
  m_PrefabAsset: {fileID: 0}
--- !u!1001 &1298358569443131053
PrefabInstance:
  m_ObjectHideFlags: 0
  serializedVersion: 2
  m_Modification:
    m_TransformParent: {fileID: 6182790852991445837}
    m_Modifications:
    - target: {fileID: 7168204354093572202, guid: aa8635129b6c891479755679cd5908f0,
        type: 3}
      propertyPath: m_Name
      value: Screen_Base (1)
      objectReference: {fileID: 0}
    - target: {fileID: 7507856051821591248, guid: aa8635129b6c891479755679cd5908f0,
        type: 3}
      propertyPath: m_RootOrder
      value: 1
      objectReference: {fileID: 0}
    - target: {fileID: 7507856051821591248, guid: aa8635129b6c891479755679cd5908f0,
        type: 3}
      propertyPath: m_LocalPosition.x
      value: 3.25
      objectReference: {fileID: 0}
    - target: {fileID: 7507856051821591248, guid: aa8635129b6c891479755679cd5908f0,
        type: 3}
      propertyPath: m_LocalPosition.y
      value: 0.9
      objectReference: {fileID: 0}
    - target: {fileID: 7507856051821591248, guid: aa8635129b6c891479755679cd5908f0,
        type: 3}
      propertyPath: m_LocalPosition.z
      value: 0
      objectReference: {fileID: 0}
    - target: {fileID: 7507856051821591248, guid: aa8635129b6c891479755679cd5908f0,
        type: 3}
      propertyPath: m_LocalRotation.w
      value: 1
      objectReference: {fileID: 0}
    - target: {fileID: 7507856051821591248, guid: aa8635129b6c891479755679cd5908f0,
        type: 3}
      propertyPath: m_LocalRotation.x
      value: -0
      objectReference: {fileID: 0}
    - target: {fileID: 7507856051821591248, guid: aa8635129b6c891479755679cd5908f0,
        type: 3}
      propertyPath: m_LocalRotation.y
      value: -0
      objectReference: {fileID: 0}
    - target: {fileID: 7507856051821591248, guid: aa8635129b6c891479755679cd5908f0,
        type: 3}
      propertyPath: m_LocalRotation.z
      value: -0
      objectReference: {fileID: 0}
    - target: {fileID: 7507856051821591248, guid: aa8635129b6c891479755679cd5908f0,
        type: 3}
      propertyPath: m_LocalEulerAnglesHint.x
      value: 0
      objectReference: {fileID: 0}
    - target: {fileID: 7507856051821591248, guid: aa8635129b6c891479755679cd5908f0,
        type: 3}
      propertyPath: m_LocalEulerAnglesHint.y
      value: 0
      objectReference: {fileID: 0}
    - target: {fileID: 7507856051821591248, guid: aa8635129b6c891479755679cd5908f0,
        type: 3}
      propertyPath: m_LocalEulerAnglesHint.z
      value: 0
      objectReference: {fileID: 0}
    m_RemovedComponents: []
  m_SourcePrefab: {fileID: 100100000, guid: aa8635129b6c891479755679cd5908f0, type: 3}
--- !u!4 &8806210111529436285 stripped
Transform:
  m_CorrespondingSourceObject: {fileID: 7507856051821591248, guid: aa8635129b6c891479755679cd5908f0,
    type: 3}
  m_PrefabInstance: {fileID: 1298358569443131053}
  m_PrefabAsset: {fileID: 0}
--- !u!1001 &5374303976772459264
PrefabInstance:
  m_ObjectHideFlags: 0
  serializedVersion: 2
  m_Modification:
    m_TransformParent: {fileID: 6182790852991445837}
    m_Modifications:
    - target: {fileID: 7168204354093572202, guid: aa8635129b6c891479755679cd5908f0,
        type: 3}
      propertyPath: m_Name
      value: Screen_Base
      objectReference: {fileID: 0}
    - target: {fileID: 7507856051821591248, guid: aa8635129b6c891479755679cd5908f0,
        type: 3}
      propertyPath: m_RootOrder
      value: 0
      objectReference: {fileID: 0}
    - target: {fileID: 7507856051821591248, guid: aa8635129b6c891479755679cd5908f0,
        type: 3}
      propertyPath: m_LocalPosition.x
      value: 0
      objectReference: {fileID: 0}
    - target: {fileID: 7507856051821591248, guid: aa8635129b6c891479755679cd5908f0,
        type: 3}
      propertyPath: m_LocalPosition.y
      value: 0.9
      objectReference: {fileID: 0}
    - target: {fileID: 7507856051821591248, guid: aa8635129b6c891479755679cd5908f0,
        type: 3}
      propertyPath: m_LocalPosition.z
      value: 0
      objectReference: {fileID: 0}
    - target: {fileID: 7507856051821591248, guid: aa8635129b6c891479755679cd5908f0,
        type: 3}
      propertyPath: m_LocalRotation.w
      value: 1
      objectReference: {fileID: 0}
    - target: {fileID: 7507856051821591248, guid: aa8635129b6c891479755679cd5908f0,
        type: 3}
      propertyPath: m_LocalRotation.x
      value: -0
      objectReference: {fileID: 0}
    - target: {fileID: 7507856051821591248, guid: aa8635129b6c891479755679cd5908f0,
        type: 3}
      propertyPath: m_LocalRotation.y
      value: -0
      objectReference: {fileID: 0}
    - target: {fileID: 7507856051821591248, guid: aa8635129b6c891479755679cd5908f0,
        type: 3}
      propertyPath: m_LocalRotation.z
      value: -0
      objectReference: {fileID: 0}
    - target: {fileID: 7507856051821591248, guid: aa8635129b6c891479755679cd5908f0,
        type: 3}
      propertyPath: m_LocalEulerAnglesHint.x
      value: 0
      objectReference: {fileID: 0}
    - target: {fileID: 7507856051821591248, guid: aa8635129b6c891479755679cd5908f0,
        type: 3}
      propertyPath: m_LocalEulerAnglesHint.y
      value: 0
      objectReference: {fileID: 0}
    - target: {fileID: 7507856051821591248, guid: aa8635129b6c891479755679cd5908f0,
        type: 3}
      propertyPath: m_LocalEulerAnglesHint.z
      value: 0
      objectReference: {fileID: 0}
    m_RemovedComponents: []
  m_SourcePrefab: {fileID: 100100000, guid: aa8635129b6c891479755679cd5908f0, type: 3}
--- !u!4 &2496154947598049744 stripped
Transform:
  m_CorrespondingSourceObject: {fileID: 7507856051821591248, guid: aa8635129b6c891479755679cd5908f0,
    type: 3}
  m_PrefabInstance: {fileID: 5374303976772459264}
  m_PrefabAsset: {fileID: 0}
--- !u!1001 &6645764874598582508
PrefabInstance:
  m_ObjectHideFlags: 0
  serializedVersion: 2
  m_Modification:
    m_TransformParent: {fileID: 6182790852991445837}
    m_Modifications:
    - target: {fileID: 7168204354093572202, guid: aa8635129b6c891479755679cd5908f0,
        type: 3}
      propertyPath: m_Name
      value: Screen_Base (3)
      objectReference: {fileID: 0}
    - target: {fileID: 7507856051821591248, guid: aa8635129b6c891479755679cd5908f0,
        type: 3}
      propertyPath: m_RootOrder
      value: 3
      objectReference: {fileID: 0}
    - target: {fileID: 7507856051821591248, guid: aa8635129b6c891479755679cd5908f0,
        type: 3}
      propertyPath: m_LocalPosition.x
      value: 6.5
      objectReference: {fileID: 0}
    - target: {fileID: 7507856051821591248, guid: aa8635129b6c891479755679cd5908f0,
        type: 3}
      propertyPath: m_LocalPosition.y
      value: 0.9
      objectReference: {fileID: 0}
    - target: {fileID: 7507856051821591248, guid: aa8635129b6c891479755679cd5908f0,
        type: 3}
      propertyPath: m_LocalPosition.z
      value: 0
      objectReference: {fileID: 0}
    - target: {fileID: 7507856051821591248, guid: aa8635129b6c891479755679cd5908f0,
        type: 3}
      propertyPath: m_LocalRotation.w
      value: 1
      objectReference: {fileID: 0}
    - target: {fileID: 7507856051821591248, guid: aa8635129b6c891479755679cd5908f0,
        type: 3}
      propertyPath: m_LocalRotation.x
      value: -0
      objectReference: {fileID: 0}
    - target: {fileID: 7507856051821591248, guid: aa8635129b6c891479755679cd5908f0,
        type: 3}
      propertyPath: m_LocalRotation.y
      value: -0
      objectReference: {fileID: 0}
    - target: {fileID: 7507856051821591248, guid: aa8635129b6c891479755679cd5908f0,
        type: 3}
      propertyPath: m_LocalRotation.z
      value: -0
      objectReference: {fileID: 0}
    - target: {fileID: 7507856051821591248, guid: aa8635129b6c891479755679cd5908f0,
        type: 3}
      propertyPath: m_LocalEulerAnglesHint.x
      value: 0
      objectReference: {fileID: 0}
    - target: {fileID: 7507856051821591248, guid: aa8635129b6c891479755679cd5908f0,
        type: 3}
      propertyPath: m_LocalEulerAnglesHint.y
      value: 0
      objectReference: {fileID: 0}
    - target: {fileID: 7507856051821591248, guid: aa8635129b6c891479755679cd5908f0,
        type: 3}
      propertyPath: m_LocalEulerAnglesHint.z
      value: 0
      objectReference: {fileID: 0}
    m_RemovedComponents: []
  m_SourcePrefab: {fileID: 100100000, guid: aa8635129b6c891479755679cd5908f0, type: 3}
--- !u!4 &3750157894253818428 stripped
Transform:
  m_CorrespondingSourceObject: {fileID: 7507856051821591248, guid: aa8635129b6c891479755679cd5908f0,
    type: 3}
  m_PrefabInstance: {fileID: 6645764874598582508}
  m_PrefabAsset: {fileID: 0}
