%YAML 1.1
%TAG !u! tag:unity3d.com,2011:
--- !u!1 &4861697960556405254
GameObject:
  m_ObjectHideFlags: 0
  m_CorrespondingSourceObject: {fileID: 0}
  m_PrefabInstance: {fileID: 0}
  m_PrefabAsset: {fileID: 0}
  serializedVersion: 6
  m_Component:
  - component: {fileID: 7936039030215696059}
  - component: {fileID: 1324927390456627372}
  m_Layer: 2
  m_Name: Bank_x5_Line
  m_TagString: Untagged
  m_Icon: {fileID: 0}
  m_NavMeshLayer: 0
  m_StaticEditorFlags: 0
  m_IsActive: 1
--- !u!4 &7936039030215696059
Transform:
  m_ObjectHideFlags: 0
  m_CorrespondingSourceObject: {fileID: 0}
  m_PrefabInstance: {fileID: 0}
  m_PrefabAsset: {fileID: 0}
  m_GameObject: {fileID: 4861697960556405254}
  m_LocalRotation: {x: -0.000000021855692, y: 0.00000004371139, z: 0.00000004371139,
    w: 1}
  m_LocalPosition: {x: -7.428432, y: 0, z: -3.9420643}
  m_LocalScale: {x: 1, y: 1, z: 1}
  m_Children:
  - {fileID: 1906093131916714421}
  - {fileID: 4885450944310642059}
  - {fileID: 3926217431716254044}
  - {fileID: 3606989214969694943}
  - {fileID: 1500728131946167011}
  m_Father: {fileID: 0}
  m_RootOrder: 0
  m_LocalEulerAnglesHint: {x: 0, y: 0, z: 0}
--- !u!114 &1324927390456627372
MonoBehaviour:
  m_ObjectHideFlags: 0
  m_CorrespondingSourceObject: {fileID: 0}
  m_PrefabInstance: {fileID: 0}
  m_PrefabAsset: {fileID: 0}
  m_GameObject: {fileID: 4861697960556405254}
  m_Enabled: 1
  m_EditorHideFlags: 0
  m_Script: {fileID: 11500000, guid: 9da8a0446da388c468fa7c3e434f7bc6, type: 3}
  m_Name: 
  m_EditorClassIdentifier: 
--- !u!1001 &844529838760611205
PrefabInstance:
  m_ObjectHideFlags: 0
  serializedVersion: 2
  m_Modification:
    m_TransformParent: {fileID: 7936039030215696059}
    m_Modifications:
    - target: {fileID: 3674117412343782880, guid: f7a5e09d3b410e848868c21871cc4c78,
        type: 3}
      propertyPath: m_Name
      value: Bank (3)
      objectReference: {fileID: 0}
    - target: {fileID: 4158730097519773530, guid: f7a5e09d3b410e848868c21871cc4c78,
        type: 3}
      propertyPath: m_RootOrder
      value: 3
      objectReference: {fileID: 0}
    - target: {fileID: 4158730097519773530, guid: f7a5e09d3b410e848868c21871cc4c78,
        type: 3}
      propertyPath: m_LocalPosition.x
      value: -6
      objectReference: {fileID: 0}
    - target: {fileID: 4158730097519773530, guid: f7a5e09d3b410e848868c21871cc4c78,
        type: 3}
      propertyPath: m_LocalPosition.y
      value: 0
      objectReference: {fileID: 0}
    - target: {fileID: 4158730097519773530, guid: f7a5e09d3b410e848868c21871cc4c78,
        type: 3}
      propertyPath: m_LocalPosition.z
      value: -0
      objectReference: {fileID: 0}
    - target: {fileID: 4158730097519773530, guid: f7a5e09d3b410e848868c21871cc4c78,
        type: 3}
      propertyPath: m_LocalRotation.w
      value: 1
      objectReference: {fileID: 0}
    - target: {fileID: 4158730097519773530, guid: f7a5e09d3b410e848868c21871cc4c78,
        type: 3}
      propertyPath: m_LocalRotation.x
      value: 0
      objectReference: {fileID: 0}
    - target: {fileID: 4158730097519773530, guid: f7a5e09d3b410e848868c21871cc4c78,
        type: 3}
      propertyPath: m_LocalRotation.y
      value: 0
      objectReference: {fileID: 0}
    - target: {fileID: 4158730097519773530, guid: f7a5e09d3b410e848868c21871cc4c78,
        type: 3}
      propertyPath: m_LocalRotation.z
      value: 0
      objectReference: {fileID: 0}
    - target: {fileID: 4158730097519773530, guid: f7a5e09d3b410e848868c21871cc4c78,
        type: 3}
      propertyPath: m_LocalEulerAnglesHint.x
      value: 0
      objectReference: {fileID: 0}
    - target: {fileID: 4158730097519773530, guid: f7a5e09d3b410e848868c21871cc4c78,
        type: 3}
      propertyPath: m_LocalEulerAnglesHint.y
      value: 0
      objectReference: {fileID: 0}
    - target: {fileID: 4158730097519773530, guid: f7a5e09d3b410e848868c21871cc4c78,
        type: 3}
      propertyPath: m_LocalEulerAnglesHint.z
      value: 0
      objectReference: {fileID: 0}
    m_RemovedComponents: []
  m_SourcePrefab: {fileID: 100100000, guid: f7a5e09d3b410e848868c21871cc4c78, type: 3}
--- !u!4 &3606989214969694943 stripped
Transform:
  m_CorrespondingSourceObject: {fileID: 4158730097519773530, guid: f7a5e09d3b410e848868c21871cc4c78,
    type: 3}
  m_PrefabInstance: {fileID: 844529838760611205}
  m_PrefabAsset: {fileID: 0}
--- !u!1001 &1137861556705465862
PrefabInstance:
  m_ObjectHideFlags: 0
  serializedVersion: 2
  m_Modification:
    m_TransformParent: {fileID: 7936039030215696059}
    m_Modifications:
    - target: {fileID: 3674117412343782880, guid: f7a5e09d3b410e848868c21871cc4c78,
        type: 3}
      propertyPath: m_Name
      value: Bank (2)
      objectReference: {fileID: 0}
    - target: {fileID: 4158730097519773530, guid: f7a5e09d3b410e848868c21871cc4c78,
        type: 3}
      propertyPath: m_RootOrder
      value: 2
      objectReference: {fileID: 0}
    - target: {fileID: 4158730097519773530, guid: f7a5e09d3b410e848868c21871cc4c78,
        type: 3}
      propertyPath: m_LocalPosition.x
      value: 6
      objectReference: {fileID: 0}
    - target: {fileID: 4158730097519773530, guid: f7a5e09d3b410e848868c21871cc4c78,
        type: 3}
      propertyPath: m_LocalPosition.y
      value: 0
      objectReference: {fileID: 0}
    - target: {fileID: 4158730097519773530, guid: f7a5e09d3b410e848868c21871cc4c78,
        type: 3}
      propertyPath: m_LocalPosition.z
      value: 0
      objectReference: {fileID: 0}
    - target: {fileID: 4158730097519773530, guid: f7a5e09d3b410e848868c21871cc4c78,
        type: 3}
      propertyPath: m_LocalRotation.w
      value: 1
      objectReference: {fileID: 0}
    - target: {fileID: 4158730097519773530, guid: f7a5e09d3b410e848868c21871cc4c78,
        type: 3}
      propertyPath: m_LocalRotation.x
      value: 0
      objectReference: {fileID: 0}
    - target: {fileID: 4158730097519773530, guid: f7a5e09d3b410e848868c21871cc4c78,
        type: 3}
      propertyPath: m_LocalRotation.y
      value: 0
      objectReference: {fileID: 0}
    - target: {fileID: 4158730097519773530, guid: f7a5e09d3b410e848868c21871cc4c78,
        type: 3}
      propertyPath: m_LocalRotation.z
      value: 0
      objectReference: {fileID: 0}
    - target: {fileID: 4158730097519773530, guid: f7a5e09d3b410e848868c21871cc4c78,
        type: 3}
      propertyPath: m_LocalEulerAnglesHint.x
      value: 0
      objectReference: {fileID: 0}
    - target: {fileID: 4158730097519773530, guid: f7a5e09d3b410e848868c21871cc4c78,
        type: 3}
      propertyPath: m_LocalEulerAnglesHint.y
      value: 0
      objectReference: {fileID: 0}
    - target: {fileID: 4158730097519773530, guid: f7a5e09d3b410e848868c21871cc4c78,
        type: 3}
      propertyPath: m_LocalEulerAnglesHint.z
      value: 0
      objectReference: {fileID: 0}
    m_RemovedComponents: []
  m_SourcePrefab: {fileID: 100100000, guid: f7a5e09d3b410e848868c21871cc4c78, type: 3}
--- !u!4 &3926217431716254044 stripped
Transform:
  m_CorrespondingSourceObject: {fileID: 4158730097519773530, guid: f7a5e09d3b410e848868c21871cc4c78,
    type: 3}
  m_PrefabInstance: {fileID: 1137861556705465862}
  m_PrefabAsset: {fileID: 0}
--- !u!1001 &2577478901564532463
PrefabInstance:
  m_ObjectHideFlags: 0
  serializedVersion: 2
  m_Modification:
    m_TransformParent: {fileID: 7936039030215696059}
    m_Modifications:
    - target: {fileID: 3674117412343782880, guid: f7a5e09d3b410e848868c21871cc4c78,
        type: 3}
      propertyPath: m_Name
      value: Bank
      objectReference: {fileID: 0}
    - target: {fileID: 4158730097519773530, guid: f7a5e09d3b410e848868c21871cc4c78,
        type: 3}
      propertyPath: m_RootOrder
      value: 0
      objectReference: {fileID: 0}
    - target: {fileID: 4158730097519773530, guid: f7a5e09d3b410e848868c21871cc4c78,
        type: 3}
      propertyPath: m_LocalPosition.x
      value: 0
      objectReference: {fileID: 0}
    - target: {fileID: 4158730097519773530, guid: f7a5e09d3b410e848868c21871cc4c78,
        type: 3}
      propertyPath: m_LocalPosition.y
      value: 0
      objectReference: {fileID: 0}
    - target: {fileID: 4158730097519773530, guid: f7a5e09d3b410e848868c21871cc4c78,
        type: 3}
      propertyPath: m_LocalPosition.z
      value: 0
      objectReference: {fileID: 0}
    - target: {fileID: 4158730097519773530, guid: f7a5e09d3b410e848868c21871cc4c78,
        type: 3}
      propertyPath: m_LocalRotation.w
      value: 1
      objectReference: {fileID: 0}
    - target: {fileID: 4158730097519773530, guid: f7a5e09d3b410e848868c21871cc4c78,
        type: 3}
      propertyPath: m_LocalRotation.x
      value: 0
      objectReference: {fileID: 0}
    - target: {fileID: 4158730097519773530, guid: f7a5e09d3b410e848868c21871cc4c78,
        type: 3}
      propertyPath: m_LocalRotation.y
      value: 0
      objectReference: {fileID: 0}
    - target: {fileID: 4158730097519773530, guid: f7a5e09d3b410e848868c21871cc4c78,
        type: 3}
      propertyPath: m_LocalRotation.z
      value: 0
      objectReference: {fileID: 0}
    - target: {fileID: 4158730097519773530, guid: f7a5e09d3b410e848868c21871cc4c78,
        type: 3}
      propertyPath: m_LocalEulerAnglesHint.x
      value: 0
      objectReference: {fileID: 0}
    - target: {fileID: 4158730097519773530, guid: f7a5e09d3b410e848868c21871cc4c78,
        type: 3}
      propertyPath: m_LocalEulerAnglesHint.y
      value: 0
      objectReference: {fileID: 0}
    - target: {fileID: 4158730097519773530, guid: f7a5e09d3b410e848868c21871cc4c78,
        type: 3}
      propertyPath: m_LocalEulerAnglesHint.z
      value: 0
      objectReference: {fileID: 0}
    m_RemovedComponents: []
  m_SourcePrefab: {fileID: 100100000, guid: f7a5e09d3b410e848868c21871cc4c78, type: 3}
--- !u!4 &1906093131916714421 stripped
Transform:
  m_CorrespondingSourceObject: {fileID: 4158730097519773530, guid: f7a5e09d3b410e848868c21871cc4c78,
    type: 3}
  m_PrefabInstance: {fileID: 2577478901564532463}
  m_PrefabAsset: {fileID: 0}
--- !u!1001 &3271142430345428409
PrefabInstance:
  m_ObjectHideFlags: 0
  serializedVersion: 2
  m_Modification:
    m_TransformParent: {fileID: 7936039030215696059}
    m_Modifications:
    - target: {fileID: 3674117412343782880, guid: f7a5e09d3b410e848868c21871cc4c78,
        type: 3}
      propertyPath: m_Name
      value: Bank (4)
      objectReference: {fileID: 0}
    - target: {fileID: 4158730097519773530, guid: f7a5e09d3b410e848868c21871cc4c78,
        type: 3}
      propertyPath: m_RootOrder
      value: 4
      objectReference: {fileID: 0}
    - target: {fileID: 4158730097519773530, guid: f7a5e09d3b410e848868c21871cc4c78,
        type: 3}
      propertyPath: m_LocalPosition.x
      value: -3
      objectReference: {fileID: 0}
    - target: {fileID: 4158730097519773530, guid: f7a5e09d3b410e848868c21871cc4c78,
        type: 3}
      propertyPath: m_LocalPosition.y
      value: 0
      objectReference: {fileID: 0}
    - target: {fileID: 4158730097519773530, guid: f7a5e09d3b410e848868c21871cc4c78,
        type: 3}
      propertyPath: m_LocalPosition.z
      value: -0
      objectReference: {fileID: 0}
    - target: {fileID: 4158730097519773530, guid: f7a5e09d3b410e848868c21871cc4c78,
        type: 3}
      propertyPath: m_LocalRotation.w
      value: 1
      objectReference: {fileID: 0}
    - target: {fileID: 4158730097519773530, guid: f7a5e09d3b410e848868c21871cc4c78,
        type: 3}
      propertyPath: m_LocalRotation.x
      value: 0
      objectReference: {fileID: 0}
    - target: {fileID: 4158730097519773530, guid: f7a5e09d3b410e848868c21871cc4c78,
        type: 3}
      propertyPath: m_LocalRotation.y
      value: 0
      objectReference: {fileID: 0}
    - target: {fileID: 4158730097519773530, guid: f7a5e09d3b410e848868c21871cc4c78,
        type: 3}
      propertyPath: m_LocalRotation.z
      value: 0
      objectReference: {fileID: 0}
    - target: {fileID: 4158730097519773530, guid: f7a5e09d3b410e848868c21871cc4c78,
        type: 3}
      propertyPath: m_LocalEulerAnglesHint.x
      value: 0
      objectReference: {fileID: 0}
    - target: {fileID: 4158730097519773530, guid: f7a5e09d3b410e848868c21871cc4c78,
        type: 3}
      propertyPath: m_LocalEulerAnglesHint.y
      value: 0
      objectReference: {fileID: 0}
    - target: {fileID: 4158730097519773530, guid: f7a5e09d3b410e848868c21871cc4c78,
        type: 3}
      propertyPath: m_LocalEulerAnglesHint.z
      value: 0
      objectReference: {fileID: 0}
    m_RemovedComponents: []
  m_SourcePrefab: {fileID: 100100000, guid: f7a5e09d3b410e848868c21871cc4c78, type: 3}
--- !u!4 &1500728131946167011 stripped
Transform:
  m_CorrespondingSourceObject: {fileID: 4158730097519773530, guid: f7a5e09d3b410e848868c21871cc4c78,
    type: 3}
  m_PrefabInstance: {fileID: 3271142430345428409}
  m_PrefabAsset: {fileID: 0}
--- !u!1001 &8825468960056001233
PrefabInstance:
  m_ObjectHideFlags: 0
  serializedVersion: 2
  m_Modification:
    m_TransformParent: {fileID: 7936039030215696059}
    m_Modifications:
    - target: {fileID: 3674117412343782880, guid: f7a5e09d3b410e848868c21871cc4c78,
        type: 3}
      propertyPath: m_Name
      value: Bank (1)
      objectReference: {fileID: 0}
    - target: {fileID: 4158730097519773530, guid: f7a5e09d3b410e848868c21871cc4c78,
        type: 3}
      propertyPath: m_RootOrder
      value: 1
      objectReference: {fileID: 0}
    - target: {fileID: 4158730097519773530, guid: f7a5e09d3b410e848868c21871cc4c78,
        type: 3}
      propertyPath: m_LocalPosition.x
      value: 3
      objectReference: {fileID: 0}
    - target: {fileID: 4158730097519773530, guid: f7a5e09d3b410e848868c21871cc4c78,
        type: 3}
      propertyPath: m_LocalPosition.y
      value: 0
      objectReference: {fileID: 0}
    - target: {fileID: 4158730097519773530, guid: f7a5e09d3b410e848868c21871cc4c78,
        type: 3}
      propertyPath: m_LocalPosition.z
      value: 0
      objectReference: {fileID: 0}
    - target: {fileID: 4158730097519773530, guid: f7a5e09d3b410e848868c21871cc4c78,
        type: 3}
      propertyPath: m_LocalRotation.w
      value: 1
      objectReference: {fileID: 0}
    - target: {fileID: 4158730097519773530, guid: f7a5e09d3b410e848868c21871cc4c78,
        type: 3}
      propertyPath: m_LocalRotation.x
      value: 0
      objectReference: {fileID: 0}
    - target: {fileID: 4158730097519773530, guid: f7a5e09d3b410e848868c21871cc4c78,
        type: 3}
      propertyPath: m_LocalRotation.y
      value: 0
      objectReference: {fileID: 0}
    - target: {fileID: 4158730097519773530, guid: f7a5e09d3b410e848868c21871cc4c78,
        type: 3}
      propertyPath: m_LocalRotation.z
      value: 0
      objectReference: {fileID: 0}
    - target: {fileID: 4158730097519773530, guid: f7a5e09d3b410e848868c21871cc4c78,
        type: 3}
      propertyPath: m_LocalEulerAnglesHint.x
      value: 0
      objectReference: {fileID: 0}
    - target: {fileID: 4158730097519773530, guid: f7a5e09d3b410e848868c21871cc4c78,
        type: 3}
      propertyPath: m_LocalEulerAnglesHint.y
      value: 0
      objectReference: {fileID: 0}
    - target: {fileID: 4158730097519773530, guid: f7a5e09d3b410e848868c21871cc4c78,
        type: 3}
      propertyPath: m_LocalEulerAnglesHint.z
      value: 0
      objectReference: {fileID: 0}
    m_RemovedComponents: []
  m_SourcePrefab: {fileID: 100100000, guid: f7a5e09d3b410e848868c21871cc4c78, type: 3}
--- !u!4 &4885450944310642059 stripped
Transform:
  m_CorrespondingSourceObject: {fileID: 4158730097519773530, guid: f7a5e09d3b410e848868c21871cc4c78,
    type: 3}
  m_PrefabInstance: {fileID: 8825468960056001233}
  m_PrefabAsset: {fileID: 0}
