%YAML 1.1
%TAG !u! tag:unity3d.com,2011:
--- !u!1 &8995875747714634682
GameObject:
  m_ObjectHideFlags: 0
  m_CorrespondingSourceObject: {fileID: 0}
  m_PrefabInstance: {fileID: 0}
  m_PrefabAsset: {fileID: 0}
  serializedVersion: 6
  m_Component:
  - component: {fileID: 2041269610204042347}
  m_Layer: 2
  m_Name: CharSit_x5
  m_TagString: Untagged
  m_Icon: {fileID: 0}
  m_NavMeshLayer: 0
  m_StaticEditorFlags: 0
  m_IsActive: 1
--- !u!4 &2041269610204042347
Transform:
  m_ObjectHideFlags: 0
  m_CorrespondingSourceObject: {fileID: 0}
  m_PrefabInstance: {fileID: 0}
  m_PrefabAsset: {fileID: 0}
  m_GameObject: {fileID: 8995875747714634682}
  m_LocalRotation: {x: -0, y: -0, z: -0, w: 1}
  m_LocalPosition: {x: 0, y: 0, z: 0}
  m_LocalScale: {x: 1, y: 1, z: 1}
  m_Children:
  - {fileID: 2894055416560351806}
  - {fileID: 8261605388917426139}
  - {fileID: 9069968998559598778}
  - {fileID: 1622715556051813807}
  - {fileID: 7385345980048657259}
  m_Father: {fileID: 0}
  m_RootOrder: 0
  m_LocalEulerAnglesHint: {x: 0, y: 0, z: 0}
--- !u!1001 &563207556699135062
PrefabInstance:
  m_ObjectHideFlags: 0
  serializedVersion: 2
  m_Modification:
    m_TransformParent: {fileID: 2041269610204042347}
    m_Modifications:
    - target: {fileID: 1249152388152302071, guid: 73a7e3594972c484f9fb5816d370fac9,
        type: 3}
      propertyPath: m_Name
      value: Character-Sitting (3)
      objectReference: {fileID: 0}
    - target: {fileID: 1249152388152302073, guid: 73a7e3594972c484f9fb5816d370fac9,
        type: 3}
      propertyPath: m_RootOrder
      value: 3
      objectReference: {fileID: 0}
    - target: {fileID: 1249152388152302073, guid: 73a7e3594972c484f9fb5816d370fac9,
        type: 3}
      propertyPath: m_LocalPosition.x
      value: 1.5
      objectReference: {fileID: 0}
    - target: {fileID: 1249152388152302073, guid: 73a7e3594972c484f9fb5816d370fac9,
        type: 3}
      propertyPath: m_LocalPosition.y
      value: 0
      objectReference: {fileID: 0}
    - target: {fileID: 1249152388152302073, guid: 73a7e3594972c484f9fb5816d370fac9,
        type: 3}
      propertyPath: m_LocalPosition.z
      value: 0
      objectReference: {fileID: 0}
    - target: {fileID: 1249152388152302073, guid: 73a7e3594972c484f9fb5816d370fac9,
        type: 3}
      propertyPath: m_LocalRotation.w
      value: 1
      objectReference: {fileID: 0}
    - target: {fileID: 1249152388152302073, guid: 73a7e3594972c484f9fb5816d370fac9,
        type: 3}
      propertyPath: m_LocalRotation.x
      value: -0
      objectReference: {fileID: 0}
    - target: {fileID: 1249152388152302073, guid: 73a7e3594972c484f9fb5816d370fac9,
        type: 3}
      propertyPath: m_LocalRotation.y
      value: -0
      objectReference: {fileID: 0}
    - target: {fileID: 1249152388152302073, guid: 73a7e3594972c484f9fb5816d370fac9,
        type: 3}
      propertyPath: m_LocalRotation.z
      value: -0
      objectReference: {fileID: 0}
    - target: {fileID: 1249152388152302073, guid: 73a7e3594972c484f9fb5816d370fac9,
        type: 3}
      propertyPath: m_LocalEulerAnglesHint.x
      value: 0
      objectReference: {fileID: 0}
    - target: {fileID: 1249152388152302073, guid: 73a7e3594972c484f9fb5816d370fac9,
        type: 3}
      propertyPath: m_LocalEulerAnglesHint.y
      value: 0
      objectReference: {fileID: 0}
    - target: {fileID: 1249152388152302073, guid: 73a7e3594972c484f9fb5816d370fac9,
        type: 3}
      propertyPath: m_LocalEulerAnglesHint.z
      value: 0
      objectReference: {fileID: 0}
    m_RemovedComponents: []
  m_SourcePrefab: {fileID: 100100000, guid: 73a7e3594972c484f9fb5816d370fac9, type: 3}
--- !u!4 &1622715556051813807 stripped
Transform:
  m_CorrespondingSourceObject: {fileID: 1249152388152302073, guid: 73a7e3594972c484f9fb5816d370fac9,
    type: 3}
  m_PrefabInstance: {fileID: 563207556699135062}
  m_PrefabAsset: {fileID: 0}
--- !u!1001 &4142222504585978823
PrefabInstance:
  m_ObjectHideFlags: 0
  serializedVersion: 2
  m_Modification:
    m_TransformParent: {fileID: 2041269610204042347}
    m_Modifications:
    - target: {fileID: 1249152388152302071, guid: 73a7e3594972c484f9fb5816d370fac9,
        type: 3}
      propertyPath: m_Name
      value: Character-Sitting
      objectReference: {fileID: 0}
    - target: {fileID: 1249152388152302073, guid: 73a7e3594972c484f9fb5816d370fac9,
        type: 3}
      propertyPath: m_RootOrder
      value: 0
      objectReference: {fileID: 0}
    - target: {fileID: 1249152388152302073, guid: 73a7e3594972c484f9fb5816d370fac9,
        type: 3}
      propertyPath: m_LocalPosition.x
      value: 0
      objectReference: {fileID: 0}
    - target: {fileID: 1249152388152302073, guid: 73a7e3594972c484f9fb5816d370fac9,
        type: 3}
      propertyPath: m_LocalPosition.y
      value: 0
      objectReference: {fileID: 0}
    - target: {fileID: 1249152388152302073, guid: 73a7e3594972c484f9fb5816d370fac9,
        type: 3}
      propertyPath: m_LocalPosition.z
      value: 0
      objectReference: {fileID: 0}
    - target: {fileID: 1249152388152302073, guid: 73a7e3594972c484f9fb5816d370fac9,
        type: 3}
      propertyPath: m_LocalRotation.w
      value: 1
      objectReference: {fileID: 0}
    - target: {fileID: 1249152388152302073, guid: 73a7e3594972c484f9fb5816d370fac9,
        type: 3}
      propertyPath: m_LocalRotation.x
      value: -0
      objectReference: {fileID: 0}
    - target: {fileID: 1249152388152302073, guid: 73a7e3594972c484f9fb5816d370fac9,
        type: 3}
      propertyPath: m_LocalRotation.y
      value: -0
      objectReference: {fileID: 0}
    - target: {fileID: 1249152388152302073, guid: 73a7e3594972c484f9fb5816d370fac9,
        type: 3}
      propertyPath: m_LocalRotation.z
      value: -0
      objectReference: {fileID: 0}
    - target: {fileID: 1249152388152302073, guid: 73a7e3594972c484f9fb5816d370fac9,
        type: 3}
      propertyPath: m_LocalEulerAnglesHint.x
      value: 0
      objectReference: {fileID: 0}
    - target: {fileID: 1249152388152302073, guid: 73a7e3594972c484f9fb5816d370fac9,
        type: 3}
      propertyPath: m_LocalEulerAnglesHint.y
      value: 0
      objectReference: {fileID: 0}
    - target: {fileID: 1249152388152302073, guid: 73a7e3594972c484f9fb5816d370fac9,
        type: 3}
      propertyPath: m_LocalEulerAnglesHint.z
      value: 0
      objectReference: {fileID: 0}
    m_RemovedComponents: []
  m_SourcePrefab: {fileID: 100100000, guid: 73a7e3594972c484f9fb5816d370fac9, type: 3}
--- !u!4 &2894055416560351806 stripped
Transform:
  m_CorrespondingSourceObject: {fileID: 1249152388152302073, guid: 73a7e3594972c484f9fb5816d370fac9,
    type: 3}
  m_PrefabInstance: {fileID: 4142222504585978823}
  m_PrefabAsset: {fileID: 0}
--- !u!1001 &7202099330889965090
PrefabInstance:
  m_ObjectHideFlags: 0
  serializedVersion: 2
  m_Modification:
    m_TransformParent: {fileID: 2041269610204042347}
    m_Modifications:
    - target: {fileID: 1249152388152302071, guid: 73a7e3594972c484f9fb5816d370fac9,
        type: 3}
      propertyPath: m_Name
      value: Character-Sitting (1)
      objectReference: {fileID: 0}
    - target: {fileID: 1249152388152302073, guid: 73a7e3594972c484f9fb5816d370fac9,
        type: 3}
      propertyPath: m_RootOrder
      value: 1
      objectReference: {fileID: 0}
    - target: {fileID: 1249152388152302073, guid: 73a7e3594972c484f9fb5816d370fac9,
        type: 3}
      propertyPath: m_LocalPosition.x
      value: -0.75
      objectReference: {fileID: 0}
    - target: {fileID: 1249152388152302073, guid: 73a7e3594972c484f9fb5816d370fac9,
        type: 3}
      propertyPath: m_LocalPosition.y
      value: 0
      objectReference: {fileID: 0}
    - target: {fileID: 1249152388152302073, guid: 73a7e3594972c484f9fb5816d370fac9,
        type: 3}
      propertyPath: m_LocalPosition.z
      value: 0
      objectReference: {fileID: 0}
    - target: {fileID: 1249152388152302073, guid: 73a7e3594972c484f9fb5816d370fac9,
        type: 3}
      propertyPath: m_LocalRotation.w
      value: 1
      objectReference: {fileID: 0}
    - target: {fileID: 1249152388152302073, guid: 73a7e3594972c484f9fb5816d370fac9,
        type: 3}
      propertyPath: m_LocalRotation.x
      value: -0
      objectReference: {fileID: 0}
    - target: {fileID: 1249152388152302073, guid: 73a7e3594972c484f9fb5816d370fac9,
        type: 3}
      propertyPath: m_LocalRotation.y
      value: -0
      objectReference: {fileID: 0}
    - target: {fileID: 1249152388152302073, guid: 73a7e3594972c484f9fb5816d370fac9,
        type: 3}
      propertyPath: m_LocalRotation.z
      value: -0
      objectReference: {fileID: 0}
    - target: {fileID: 1249152388152302073, guid: 73a7e3594972c484f9fb5816d370fac9,
        type: 3}
      propertyPath: m_LocalEulerAnglesHint.x
      value: 0
      objectReference: {fileID: 0}
    - target: {fileID: 1249152388152302073, guid: 73a7e3594972c484f9fb5816d370fac9,
        type: 3}
      propertyPath: m_LocalEulerAnglesHint.y
      value: 0
      objectReference: {fileID: 0}
    - target: {fileID: 1249152388152302073, guid: 73a7e3594972c484f9fb5816d370fac9,
        type: 3}
      propertyPath: m_LocalEulerAnglesHint.z
      value: 0
      objectReference: {fileID: 0}
    m_RemovedComponents: []
  m_SourcePrefab: {fileID: 100100000, guid: 73a7e3594972c484f9fb5816d370fac9, type: 3}
--- !u!4 &8261605388917426139 stripped
Transform:
  m_CorrespondingSourceObject: {fileID: 1249152388152302073, guid: 73a7e3594972c484f9fb5816d370fac9,
    type: 3}
  m_PrefabInstance: {fileID: 7202099330889965090}
  m_PrefabAsset: {fileID: 0}
--- !u!1001 &7821311940530360643
PrefabInstance:
  m_ObjectHideFlags: 0
  serializedVersion: 2
  m_Modification:
    m_TransformParent: {fileID: 2041269610204042347}
    m_Modifications:
    - target: {fileID: 1249152388152302071, guid: 73a7e3594972c484f9fb5816d370fac9,
        type: 3}
      propertyPath: m_Name
      value: Character-Sitting (2)
      objectReference: {fileID: 0}
    - target: {fileID: 1249152388152302073, guid: 73a7e3594972c484f9fb5816d370fac9,
        type: 3}
      propertyPath: m_RootOrder
      value: 2
      objectReference: {fileID: 0}
    - target: {fileID: 1249152388152302073, guid: 73a7e3594972c484f9fb5816d370fac9,
        type: 3}
      propertyPath: m_LocalPosition.x
      value: 0.75
      objectReference: {fileID: 0}
    - target: {fileID: 1249152388152302073, guid: 73a7e3594972c484f9fb5816d370fac9,
        type: 3}
      propertyPath: m_LocalPosition.y
      value: 0
      objectReference: {fileID: 0}
    - target: {fileID: 1249152388152302073, guid: 73a7e3594972c484f9fb5816d370fac9,
        type: 3}
      propertyPath: m_LocalPosition.z
      value: 0
      objectReference: {fileID: 0}
    - target: {fileID: 1249152388152302073, guid: 73a7e3594972c484f9fb5816d370fac9,
        type: 3}
      propertyPath: m_LocalRotation.w
      value: 1
      objectReference: {fileID: 0}
    - target: {fileID: 1249152388152302073, guid: 73a7e3594972c484f9fb5816d370fac9,
        type: 3}
      propertyPath: m_LocalRotation.x
      value: -0
      objectReference: {fileID: 0}
    - target: {fileID: 1249152388152302073, guid: 73a7e3594972c484f9fb5816d370fac9,
        type: 3}
      propertyPath: m_LocalRotation.y
      value: -0
      objectReference: {fileID: 0}
    - target: {fileID: 1249152388152302073, guid: 73a7e3594972c484f9fb5816d370fac9,
        type: 3}
      propertyPath: m_LocalRotation.z
      value: -0
      objectReference: {fileID: 0}
    - target: {fileID: 1249152388152302073, guid: 73a7e3594972c484f9fb5816d370fac9,
        type: 3}
      propertyPath: m_LocalEulerAnglesHint.x
      value: 0
      objectReference: {fileID: 0}
    - target: {fileID: 1249152388152302073, guid: 73a7e3594972c484f9fb5816d370fac9,
        type: 3}
      propertyPath: m_LocalEulerAnglesHint.y
      value: 0
      objectReference: {fileID: 0}
    - target: {fileID: 1249152388152302073, guid: 73a7e3594972c484f9fb5816d370fac9,
        type: 3}
      propertyPath: m_LocalEulerAnglesHint.z
      value: 0
      objectReference: {fileID: 0}
    m_RemovedComponents: []
  m_SourcePrefab: {fileID: 100100000, guid: 73a7e3594972c484f9fb5816d370fac9, type: 3}
--- !u!4 &9069968998559598778 stripped
Transform:
  m_CorrespondingSourceObject: {fileID: 1249152388152302073, guid: 73a7e3594972c484f9fb5816d370fac9,
    type: 3}
  m_PrefabInstance: {fileID: 7821311940530360643}
  m_PrefabAsset: {fileID: 0}
--- !u!1001 &8587208287052550802
PrefabInstance:
  m_ObjectHideFlags: 0
  serializedVersion: 2
  m_Modification:
    m_TransformParent: {fileID: 2041269610204042347}
    m_Modifications:
    - target: {fileID: 1249152388152302071, guid: 73a7e3594972c484f9fb5816d370fac9,
        type: 3}
      propertyPath: m_Name
      value: Character-Sitting (4)
      objectReference: {fileID: 0}
    - target: {fileID: 1249152388152302073, guid: 73a7e3594972c484f9fb5816d370fac9,
        type: 3}
      propertyPath: m_RootOrder
      value: 4
      objectReference: {fileID: 0}
    - target: {fileID: 1249152388152302073, guid: 73a7e3594972c484f9fb5816d370fac9,
        type: 3}
      propertyPath: m_LocalPosition.x
      value: -1.5
      objectReference: {fileID: 0}
    - target: {fileID: 1249152388152302073, guid: 73a7e3594972c484f9fb5816d370fac9,
        type: 3}
      propertyPath: m_LocalPosition.y
      value: 0
      objectReference: {fileID: 0}
    - target: {fileID: 1249152388152302073, guid: 73a7e3594972c484f9fb5816d370fac9,
        type: 3}
      propertyPath: m_LocalPosition.z
      value: 0
      objectReference: {fileID: 0}
    - target: {fileID: 1249152388152302073, guid: 73a7e3594972c484f9fb5816d370fac9,
        type: 3}
      propertyPath: m_LocalRotation.w
      value: 1
      objectReference: {fileID: 0}
    - target: {fileID: 1249152388152302073, guid: 73a7e3594972c484f9fb5816d370fac9,
        type: 3}
      propertyPath: m_LocalRotation.x
      value: -0
      objectReference: {fileID: 0}
    - target: {fileID: 1249152388152302073, guid: 73a7e3594972c484f9fb5816d370fac9,
        type: 3}
      propertyPath: m_LocalRotation.y
      value: -0
      objectReference: {fileID: 0}
    - target: {fileID: 1249152388152302073, guid: 73a7e3594972c484f9fb5816d370fac9,
        type: 3}
      propertyPath: m_LocalRotation.z
      value: -0
      objectReference: {fileID: 0}
    - target: {fileID: 1249152388152302073, guid: 73a7e3594972c484f9fb5816d370fac9,
        type: 3}
      propertyPath: m_LocalEulerAnglesHint.x
      value: 0
      objectReference: {fileID: 0}
    - target: {fileID: 1249152388152302073, guid: 73a7e3594972c484f9fb5816d370fac9,
        type: 3}
      propertyPath: m_LocalEulerAnglesHint.y
      value: 0
      objectReference: {fileID: 0}
    - target: {fileID: 1249152388152302073, guid: 73a7e3594972c484f9fb5816d370fac9,
        type: 3}
      propertyPath: m_LocalEulerAnglesHint.z
      value: 0
      objectReference: {fileID: 0}
    m_RemovedComponents: []
  m_SourcePrefab: {fileID: 100100000, guid: 73a7e3594972c484f9fb5816d370fac9, type: 3}
--- !u!4 &7385345980048657259 stripped
Transform:
  m_CorrespondingSourceObject: {fileID: 1249152388152302073, guid: 73a7e3594972c484f9fb5816d370fac9,
    type: 3}
  m_PrefabInstance: {fileID: 8587208287052550802}
  m_PrefabAsset: {fileID: 0}
