%YAML 1.1
%TAG !u! tag:unity3d.com,2011:
--- !u!1 &4763057579161089922
GameObject:
  m_ObjectHideFlags: 0
  m_CorrespondingSourceObject: {fileID: 0}
  m_PrefabInstance: {fileID: 0}
  m_PrefabAsset: {fileID: 0}
  serializedVersion: 6
  m_Component:
  - component: {fileID: 4686074493160969747}
  m_Layer: 2
  m_Name: CharStand_x5
  m_TagString: Untagged
  m_Icon: {fileID: 0}
  m_NavMeshLayer: 0
  m_StaticEditorFlags: 0
  m_IsActive: 1
--- !u!4 &4686074493160969747
Transform:
  m_ObjectHideFlags: 0
  m_CorrespondingSourceObject: {fileID: 0}
  m_PrefabInstance: {fileID: 0}
  m_PrefabAsset: {fileID: 0}
  m_GameObject: {fileID: 4763057579161089922}
  m_LocalRotation: {x: -0, y: -0, z: -0, w: 1}
  m_LocalPosition: {x: 0, y: 0, z: 0}
  m_LocalScale: {x: 1, y: 1, z: 1}
  m_Children:
  - {fileID: 5887433653891726958}
  - {fileID: 9017401983081686058}
  - {fileID: 516598073863576776}
  - {fileID: 7585235474574013980}
  - {fileID: 612359538488881977}
  m_Father: {fileID: 0}
  m_RootOrder: 0
  m_LocalEulerAnglesHint: {x: 0, y: 0, z: 0}
--- !u!1001 &2350870621789818636
PrefabInstance:
  m_ObjectHideFlags: 0
  serializedVersion: 2
  m_Modification:
    m_TransformParent: {fileID: 4686074493160969747}
    m_Modifications:
    - target: {fileID: 2861100049291875268, guid: bb5f5b3c38b3046429cabc9eef8e07e7,
        type: 3}
      propertyPath: m_RootOrder
      value: 2
      objectReference: {fileID: 0}
    - target: {fileID: 2861100049291875268, guid: bb5f5b3c38b3046429cabc9eef8e07e7,
        type: 3}
      propertyPath: m_LocalPosition.x
      value: 0.75
      objectReference: {fileID: 0}
    - target: {fileID: 2861100049291875268, guid: bb5f5b3c38b3046429cabc9eef8e07e7,
        type: 3}
      propertyPath: m_LocalPosition.y
      value: 0
      objectReference: {fileID: 0}
    - target: {fileID: 2861100049291875268, guid: bb5f5b3c38b3046429cabc9eef8e07e7,
        type: 3}
      propertyPath: m_LocalPosition.z
      value: 0
      objectReference: {fileID: 0}
    - target: {fileID: 2861100049291875268, guid: bb5f5b3c38b3046429cabc9eef8e07e7,
        type: 3}
      propertyPath: m_LocalRotation.w
      value: 1
      objectReference: {fileID: 0}
    - target: {fileID: 2861100049291875268, guid: bb5f5b3c38b3046429cabc9eef8e07e7,
        type: 3}
      propertyPath: m_LocalRotation.x
      value: -0
      objectReference: {fileID: 0}
    - target: {fileID: 2861100049291875268, guid: bb5f5b3c38b3046429cabc9eef8e07e7,
        type: 3}
      propertyPath: m_LocalRotation.y
      value: -0
      objectReference: {fileID: 0}
    - target: {fileID: 2861100049291875268, guid: bb5f5b3c38b3046429cabc9eef8e07e7,
        type: 3}
      propertyPath: m_LocalRotation.z
      value: -0
      objectReference: {fileID: 0}
    - target: {fileID: 2861100049291875268, guid: bb5f5b3c38b3046429cabc9eef8e07e7,
        type: 3}
      propertyPath: m_LocalEulerAnglesHint.x
      value: 0
      objectReference: {fileID: 0}
    - target: {fileID: 2861100049291875268, guid: bb5f5b3c38b3046429cabc9eef8e07e7,
        type: 3}
      propertyPath: m_LocalEulerAnglesHint.y
      value: 0
      objectReference: {fileID: 0}
    - target: {fileID: 2861100049291875268, guid: bb5f5b3c38b3046429cabc9eef8e07e7,
        type: 3}
      propertyPath: m_LocalEulerAnglesHint.z
      value: 0
      objectReference: {fileID: 0}
    - target: {fileID: 4155687007859735671, guid: bb5f5b3c38b3046429cabc9eef8e07e7,
        type: 3}
      propertyPath: m_Name
      value: Character-Standing (2)
      objectReference: {fileID: 0}
    m_RemovedComponents: []
  m_SourcePrefab: {fileID: 100100000, guid: bb5f5b3c38b3046429cabc9eef8e07e7, type: 3}
--- !u!4 &516598073863576776 stripped
Transform:
  m_CorrespondingSourceObject: {fileID: 2861100049291875268, guid: bb5f5b3c38b3046429cabc9eef8e07e7,
    type: 3}
  m_PrefabInstance: {fileID: 2350870621789818636}
  m_PrefabAsset: {fileID: 0}
--- !u!1001 &3443884373979865341
PrefabInstance:
  m_ObjectHideFlags: 0
  serializedVersion: 2
  m_Modification:
    m_TransformParent: {fileID: 4686074493160969747}
    m_Modifications:
    - target: {fileID: 2861100049291875268, guid: bb5f5b3c38b3046429cabc9eef8e07e7,
        type: 3}
      propertyPath: m_RootOrder
      value: 4
      objectReference: {fileID: 0}
    - target: {fileID: 2861100049291875268, guid: bb5f5b3c38b3046429cabc9eef8e07e7,
        type: 3}
      propertyPath: m_LocalPosition.x
      value: -1.5
      objectReference: {fileID: 0}
    - target: {fileID: 2861100049291875268, guid: bb5f5b3c38b3046429cabc9eef8e07e7,
        type: 3}
      propertyPath: m_LocalPosition.y
      value: 0
      objectReference: {fileID: 0}
    - target: {fileID: 2861100049291875268, guid: bb5f5b3c38b3046429cabc9eef8e07e7,
        type: 3}
      propertyPath: m_LocalPosition.z
      value: 0
      objectReference: {fileID: 0}
    - target: {fileID: 2861100049291875268, guid: bb5f5b3c38b3046429cabc9eef8e07e7,
        type: 3}
      propertyPath: m_LocalRotation.w
      value: 1
      objectReference: {fileID: 0}
    - target: {fileID: 2861100049291875268, guid: bb5f5b3c38b3046429cabc9eef8e07e7,
        type: 3}
      propertyPath: m_LocalRotation.x
      value: -0
      objectReference: {fileID: 0}
    - target: {fileID: 2861100049291875268, guid: bb5f5b3c38b3046429cabc9eef8e07e7,
        type: 3}
      propertyPath: m_LocalRotation.y
      value: -0
      objectReference: {fileID: 0}
    - target: {fileID: 2861100049291875268, guid: bb5f5b3c38b3046429cabc9eef8e07e7,
        type: 3}
      propertyPath: m_LocalRotation.z
      value: -0
      objectReference: {fileID: 0}
    - target: {fileID: 2861100049291875268, guid: bb5f5b3c38b3046429cabc9eef8e07e7,
        type: 3}
      propertyPath: m_LocalEulerAnglesHint.x
      value: 0
      objectReference: {fileID: 0}
    - target: {fileID: 2861100049291875268, guid: bb5f5b3c38b3046429cabc9eef8e07e7,
        type: 3}
      propertyPath: m_LocalEulerAnglesHint.y
      value: 0
      objectReference: {fileID: 0}
    - target: {fileID: 2861100049291875268, guid: bb5f5b3c38b3046429cabc9eef8e07e7,
        type: 3}
      propertyPath: m_LocalEulerAnglesHint.z
      value: 0
      objectReference: {fileID: 0}
    - target: {fileID: 4155687007859735671, guid: bb5f5b3c38b3046429cabc9eef8e07e7,
        type: 3}
      propertyPath: m_Name
      value: Character-Standing (4)
      objectReference: {fileID: 0}
    m_RemovedComponents: []
  m_SourcePrefab: {fileID: 100100000, guid: bb5f5b3c38b3046429cabc9eef8e07e7, type: 3}
--- !u!4 &612359538488881977 stripped
Transform:
  m_CorrespondingSourceObject: {fileID: 2861100049291875268, guid: bb5f5b3c38b3046429cabc9eef8e07e7,
    type: 3}
  m_PrefabInstance: {fileID: 3443884373979865341}
  m_PrefabAsset: {fileID: 0}
--- !u!1001 &5688187272064263640
PrefabInstance:
  m_ObjectHideFlags: 0
  serializedVersion: 2
  m_Modification:
    m_TransformParent: {fileID: 4686074493160969747}
    m_Modifications:
    - target: {fileID: 2861100049291875268, guid: bb5f5b3c38b3046429cabc9eef8e07e7,
        type: 3}
      propertyPath: m_RootOrder
      value: 3
      objectReference: {fileID: 0}
    - target: {fileID: 2861100049291875268, guid: bb5f5b3c38b3046429cabc9eef8e07e7,
        type: 3}
      propertyPath: m_LocalPosition.x
      value: 1.5
      objectReference: {fileID: 0}
    - target: {fileID: 2861100049291875268, guid: bb5f5b3c38b3046429cabc9eef8e07e7,
        type: 3}
      propertyPath: m_LocalPosition.y
      value: 0
      objectReference: {fileID: 0}
    - target: {fileID: 2861100049291875268, guid: bb5f5b3c38b3046429cabc9eef8e07e7,
        type: 3}
      propertyPath: m_LocalPosition.z
      value: 0
      objectReference: {fileID: 0}
    - target: {fileID: 2861100049291875268, guid: bb5f5b3c38b3046429cabc9eef8e07e7,
        type: 3}
      propertyPath: m_LocalRotation.w
      value: 1
      objectReference: {fileID: 0}
    - target: {fileID: 2861100049291875268, guid: bb5f5b3c38b3046429cabc9eef8e07e7,
        type: 3}
      propertyPath: m_LocalRotation.x
      value: -0
      objectReference: {fileID: 0}
    - target: {fileID: 2861100049291875268, guid: bb5f5b3c38b3046429cabc9eef8e07e7,
        type: 3}
      propertyPath: m_LocalRotation.y
      value: -0
      objectReference: {fileID: 0}
    - target: {fileID: 2861100049291875268, guid: bb5f5b3c38b3046429cabc9eef8e07e7,
        type: 3}
      propertyPath: m_LocalRotation.z
      value: -0
      objectReference: {fileID: 0}
    - target: {fileID: 2861100049291875268, guid: bb5f5b3c38b3046429cabc9eef8e07e7,
        type: 3}
      propertyPath: m_LocalEulerAnglesHint.x
      value: 0
      objectReference: {fileID: 0}
    - target: {fileID: 2861100049291875268, guid: bb5f5b3c38b3046429cabc9eef8e07e7,
        type: 3}
      propertyPath: m_LocalEulerAnglesHint.y
      value: 0
      objectReference: {fileID: 0}
    - target: {fileID: 2861100049291875268, guid: bb5f5b3c38b3046429cabc9eef8e07e7,
        type: 3}
      propertyPath: m_LocalEulerAnglesHint.z
      value: 0
      objectReference: {fileID: 0}
    - target: {fileID: 4155687007859735671, guid: bb5f5b3c38b3046429cabc9eef8e07e7,
        type: 3}
      propertyPath: m_Name
      value: Character-Standing (3)
      objectReference: {fileID: 0}
    m_RemovedComponents: []
  m_SourcePrefab: {fileID: 100100000, guid: bb5f5b3c38b3046429cabc9eef8e07e7, type: 3}
--- !u!4 &7585235474574013980 stripped
Transform:
  m_CorrespondingSourceObject: {fileID: 2861100049291875268, guid: bb5f5b3c38b3046429cabc9eef8e07e7,
    type: 3}
  m_PrefabInstance: {fileID: 5688187272064263640}
  m_PrefabAsset: {fileID: 0}
--- !u!1001 &6525878612587558894
PrefabInstance:
  m_ObjectHideFlags: 0
  serializedVersion: 2
  m_Modification:
    m_TransformParent: {fileID: 4686074493160969747}
    m_Modifications:
    - target: {fileID: 2861100049291875268, guid: bb5f5b3c38b3046429cabc9eef8e07e7,
        type: 3}
      propertyPath: m_RootOrder
      value: 1
      objectReference: {fileID: 0}
    - target: {fileID: 2861100049291875268, guid: bb5f5b3c38b3046429cabc9eef8e07e7,
        type: 3}
      propertyPath: m_LocalPosition.x
      value: -0.75
      objectReference: {fileID: 0}
    - target: {fileID: 2861100049291875268, guid: bb5f5b3c38b3046429cabc9eef8e07e7,
        type: 3}
      propertyPath: m_LocalPosition.y
      value: 0
      objectReference: {fileID: 0}
    - target: {fileID: 2861100049291875268, guid: bb5f5b3c38b3046429cabc9eef8e07e7,
        type: 3}
      propertyPath: m_LocalPosition.z
      value: 0
      objectReference: {fileID: 0}
    - target: {fileID: 2861100049291875268, guid: bb5f5b3c38b3046429cabc9eef8e07e7,
        type: 3}
      propertyPath: m_LocalRotation.w
      value: 1
      objectReference: {fileID: 0}
    - target: {fileID: 2861100049291875268, guid: bb5f5b3c38b3046429cabc9eef8e07e7,
        type: 3}
      propertyPath: m_LocalRotation.x
      value: -0
      objectReference: {fileID: 0}
    - target: {fileID: 2861100049291875268, guid: bb5f5b3c38b3046429cabc9eef8e07e7,
        type: 3}
      propertyPath: m_LocalRotation.y
      value: -0
      objectReference: {fileID: 0}
    - target: {fileID: 2861100049291875268, guid: bb5f5b3c38b3046429cabc9eef8e07e7,
        type: 3}
      propertyPath: m_LocalRotation.z
      value: -0
      objectReference: {fileID: 0}
    - target: {fileID: 2861100049291875268, guid: bb5f5b3c38b3046429cabc9eef8e07e7,
        type: 3}
      propertyPath: m_LocalEulerAnglesHint.x
      value: 0
      objectReference: {fileID: 0}
    - target: {fileID: 2861100049291875268, guid: bb5f5b3c38b3046429cabc9eef8e07e7,
        type: 3}
      propertyPath: m_LocalEulerAnglesHint.y
      value: 0
      objectReference: {fileID: 0}
    - target: {fileID: 2861100049291875268, guid: bb5f5b3c38b3046429cabc9eef8e07e7,
        type: 3}
      propertyPath: m_LocalEulerAnglesHint.z
      value: 0
      objectReference: {fileID: 0}
    - target: {fileID: 4155687007859735671, guid: bb5f5b3c38b3046429cabc9eef8e07e7,
        type: 3}
      propertyPath: m_Name
      value: Character-Standing (1)
      objectReference: {fileID: 0}
    m_RemovedComponents: []
  m_SourcePrefab: {fileID: 100100000, guid: bb5f5b3c38b3046429cabc9eef8e07e7, type: 3}
--- !u!4 &9017401983081686058 stripped
Transform:
  m_CorrespondingSourceObject: {fileID: 2861100049291875268, guid: bb5f5b3c38b3046429cabc9eef8e07e7,
    type: 3}
  m_PrefabInstance: {fileID: 6525878612587558894}
  m_PrefabAsset: {fileID: 0}
--- !u!1001 &8503067543005588906
PrefabInstance:
  m_ObjectHideFlags: 0
  serializedVersion: 2
  m_Modification:
    m_TransformParent: {fileID: 4686074493160969747}
    m_Modifications:
    - target: {fileID: 2861100049291875268, guid: bb5f5b3c38b3046429cabc9eef8e07e7,
        type: 3}
      propertyPath: m_RootOrder
      value: 0
      objectReference: {fileID: 0}
    - target: {fileID: 2861100049291875268, guid: bb5f5b3c38b3046429cabc9eef8e07e7,
        type: 3}
      propertyPath: m_LocalPosition.x
      value: 0
      objectReference: {fileID: 0}
    - target: {fileID: 2861100049291875268, guid: bb5f5b3c38b3046429cabc9eef8e07e7,
        type: 3}
      propertyPath: m_LocalPosition.y
      value: 0
      objectReference: {fileID: 0}
    - target: {fileID: 2861100049291875268, guid: bb5f5b3c38b3046429cabc9eef8e07e7,
        type: 3}
      propertyPath: m_LocalPosition.z
      value: 0
      objectReference: {fileID: 0}
    - target: {fileID: 2861100049291875268, guid: bb5f5b3c38b3046429cabc9eef8e07e7,
        type: 3}
      propertyPath: m_LocalRotation.w
      value: 1
      objectReference: {fileID: 0}
    - target: {fileID: 2861100049291875268, guid: bb5f5b3c38b3046429cabc9eef8e07e7,
        type: 3}
      propertyPath: m_LocalRotation.x
      value: -0
      objectReference: {fileID: 0}
    - target: {fileID: 2861100049291875268, guid: bb5f5b3c38b3046429cabc9eef8e07e7,
        type: 3}
      propertyPath: m_LocalRotation.y
      value: -0
      objectReference: {fileID: 0}
    - target: {fileID: 2861100049291875268, guid: bb5f5b3c38b3046429cabc9eef8e07e7,
        type: 3}
      propertyPath: m_LocalRotation.z
      value: -0
      objectReference: {fileID: 0}
    - target: {fileID: 2861100049291875268, guid: bb5f5b3c38b3046429cabc9eef8e07e7,
        type: 3}
      propertyPath: m_LocalEulerAnglesHint.x
      value: 0
      objectReference: {fileID: 0}
    - target: {fileID: 2861100049291875268, guid: bb5f5b3c38b3046429cabc9eef8e07e7,
        type: 3}
      propertyPath: m_LocalEulerAnglesHint.y
      value: 0
      objectReference: {fileID: 0}
    - target: {fileID: 2861100049291875268, guid: bb5f5b3c38b3046429cabc9eef8e07e7,
        type: 3}
      propertyPath: m_LocalEulerAnglesHint.z
      value: 0
      objectReference: {fileID: 0}
    - target: {fileID: 4155687007859735671, guid: bb5f5b3c38b3046429cabc9eef8e07e7,
        type: 3}
      propertyPath: m_Name
      value: Character-Standing
      objectReference: {fileID: 0}
    m_RemovedComponents: []
  m_SourcePrefab: {fileID: 100100000, guid: bb5f5b3c38b3046429cabc9eef8e07e7, type: 3}
--- !u!4 &5887433653891726958 stripped
Transform:
  m_CorrespondingSourceObject: {fileID: 2861100049291875268, guid: bb5f5b3c38b3046429cabc9eef8e07e7,
    type: 3}
  m_PrefabInstance: {fileID: 8503067543005588906}
  m_PrefabAsset: {fileID: 0}
