%YAML 1.1
%TAG !u! tag:unity3d.com,2011:
--- !u!1 &3934207806755325915
GameObject:
  m_ObjectHideFlags: 0
  m_CorrespondingSourceObject: {fileID: 0}
  m_PrefabInstance: {fileID: 0}
  m_PrefabAsset: {fileID: 0}
  serializedVersion: 6
  m_Component:
  - component: {fileID: 7356166205726703287}
  m_Layer: 0
  m_Name: Screen_x1
  m_TagString: Untagged
  m_Icon: {fileID: 0}
  m_NavMeshLayer: 0
  m_StaticEditorFlags: 0
  m_IsActive: 1
--- !u!4 &7356166205726703287
Transform:
  m_ObjectHideFlags: 0
  m_CorrespondingSourceObject: {fileID: 0}
  m_PrefabInstance: {fileID: 0}
  m_PrefabAsset: {fileID: 0}
  m_GameObject: {fileID: 3934207806755325915}
  m_LocalRotation: {x: 0.000000021855694, y: -0, z: -0, w: 1}
  m_LocalPosition: {x: 0, y: 0, z: 0}
  m_LocalScale: {x: 1, y: 1, z: 1}
  m_Children:
  - {fileID: 1260983734256940074}
  - {fileID: 5327200653568512391}
  - {fileID: 5971027220084073232}
  - {fileID: 563170994762835910}
  - {fileID: 3117351638430202223}
  m_Father: {fileID: 0}
  m_RootOrder: 0
  m_LocalEulerAnglesHint: {x: 0, y: 0, z: 0}
--- !u!1001 &2440748172679162711
PrefabInstance:
  m_ObjectHideFlags: 0
  serializedVersion: 2
  m_Modification:
    m_TransformParent: {fileID: 7356166205726703287}
    m_Modifications:
    - target: {fileID: 7168204354093572202, guid: aa8635129b6c891479755679cd5908f0,
        type: 3}
      propertyPath: m_Name
      value: Screen_Base (1)
      objectReference: {fileID: 0}
    - target: {fileID: 7507856051821591248, guid: aa8635129b6c891479755679cd5908f0,
        type: 3}
      propertyPath: m_RootOrder
      value: 1
      objectReference: {fileID: 0}
    - target: {fileID: 7507856051821591248, guid: aa8635129b6c891479755679cd5908f0,
        type: 3}
      propertyPath: m_LocalPosition.x
      value: 3.25
      objectReference: {fileID: 0}
    - target: {fileID: 7507856051821591248, guid: aa8635129b6c891479755679cd5908f0,
        type: 3}
      propertyPath: m_LocalPosition.y
      value: 0.9
      objectReference: {fileID: 0}
    - target: {fileID: 7507856051821591248, guid: aa8635129b6c891479755679cd5908f0,
        type: 3}
      propertyPath: m_LocalPosition.z
      value: 0
      objectReference: {fileID: 0}
    - target: {fileID: 7507856051821591248, guid: aa8635129b6c891479755679cd5908f0,
        type: 3}
      propertyPath: m_LocalRotation.w
      value: 1
      objectReference: {fileID: 0}
    - target: {fileID: 7507856051821591248, guid: aa8635129b6c891479755679cd5908f0,
        type: 3}
      propertyPath: m_LocalRotation.x
      value: -0
      objectReference: {fileID: 0}
    - target: {fileID: 7507856051821591248, guid: aa8635129b6c891479755679cd5908f0,
        type: 3}
      propertyPath: m_LocalRotation.y
      value: -0
      objectReference: {fileID: 0}
    - target: {fileID: 7507856051821591248, guid: aa8635129b6c891479755679cd5908f0,
        type: 3}
      propertyPath: m_LocalRotation.z
      value: -0
      objectReference: {fileID: 0}
    - target: {fileID: 7507856051821591248, guid: aa8635129b6c891479755679cd5908f0,
        type: 3}
      propertyPath: m_LocalEulerAnglesHint.x
      value: 0
      objectReference: {fileID: 0}
    - target: {fileID: 7507856051821591248, guid: aa8635129b6c891479755679cd5908f0,
        type: 3}
      propertyPath: m_LocalEulerAnglesHint.y
      value: 0
      objectReference: {fileID: 0}
    - target: {fileID: 7507856051821591248, guid: aa8635129b6c891479755679cd5908f0,
        type: 3}
      propertyPath: m_LocalEulerAnglesHint.z
      value: 0
      objectReference: {fileID: 0}
    m_RemovedComponents: []
  m_SourcePrefab: {fileID: 100100000, guid: aa8635129b6c891479755679cd5908f0, type: 3}
--- !u!4 &5327200653568512391 stripped
Transform:
  m_CorrespondingSourceObject: {fileID: 7507856051821591248, guid: aa8635129b6c891479755679cd5908f0,
    type: 3}
  m_PrefabInstance: {fileID: 2440748172679162711}
  m_PrefabAsset: {fileID: 0}
--- !u!1001 &4245798046217738688
PrefabInstance:
  m_ObjectHideFlags: 0
  serializedVersion: 2
  m_Modification:
    m_TransformParent: {fileID: 7356166205726703287}
    m_Modifications:
    - target: {fileID: 7168204354093572202, guid: aa8635129b6c891479755679cd5908f0,
        type: 3}
      propertyPath: m_Name
      value: Screen_Base (2)
      objectReference: {fileID: 0}
    - target: {fileID: 7507856051821591248, guid: aa8635129b6c891479755679cd5908f0,
        type: 3}
      propertyPath: m_RootOrder
      value: 2
      objectReference: {fileID: 0}
    - target: {fileID: 7507856051821591248, guid: aa8635129b6c891479755679cd5908f0,
        type: 3}
      propertyPath: m_LocalPosition.x
      value: -3.25
      objectReference: {fileID: 0}
    - target: {fileID: 7507856051821591248, guid: aa8635129b6c891479755679cd5908f0,
        type: 3}
      propertyPath: m_LocalPosition.y
      value: 0.9
      objectReference: {fileID: 0}
    - target: {fileID: 7507856051821591248, guid: aa8635129b6c891479755679cd5908f0,
        type: 3}
      propertyPath: m_LocalPosition.z
      value: 0
      objectReference: {fileID: 0}
    - target: {fileID: 7507856051821591248, guid: aa8635129b6c891479755679cd5908f0,
        type: 3}
      propertyPath: m_LocalRotation.w
      value: 1
      objectReference: {fileID: 0}
    - target: {fileID: 7507856051821591248, guid: aa8635129b6c891479755679cd5908f0,
        type: 3}
      propertyPath: m_LocalRotation.x
      value: -0
      objectReference: {fileID: 0}
    - target: {fileID: 7507856051821591248, guid: aa8635129b6c891479755679cd5908f0,
        type: 3}
      propertyPath: m_LocalRotation.y
      value: -0
      objectReference: {fileID: 0}
    - target: {fileID: 7507856051821591248, guid: aa8635129b6c891479755679cd5908f0,
        type: 3}
      propertyPath: m_LocalRotation.z
      value: -0
      objectReference: {fileID: 0}
    - target: {fileID: 7507856051821591248, guid: aa8635129b6c891479755679cd5908f0,
        type: 3}
      propertyPath: m_LocalEulerAnglesHint.x
      value: 0
      objectReference: {fileID: 0}
    - target: {fileID: 7507856051821591248, guid: aa8635129b6c891479755679cd5908f0,
        type: 3}
      propertyPath: m_LocalEulerAnglesHint.y
      value: 0
      objectReference: {fileID: 0}
    - target: {fileID: 7507856051821591248, guid: aa8635129b6c891479755679cd5908f0,
        type: 3}
      propertyPath: m_LocalEulerAnglesHint.z
      value: 0
      objectReference: {fileID: 0}
    m_RemovedComponents: []
  m_SourcePrefab: {fileID: 100100000, guid: aa8635129b6c891479755679cd5908f0, type: 3}
--- !u!4 &5971027220084073232 stripped
Transform:
  m_CorrespondingSourceObject: {fileID: 7507856051821591248, guid: aa8635129b6c891479755679cd5908f0,
    type: 3}
  m_PrefabInstance: {fileID: 4245798046217738688}
  m_PrefabAsset: {fileID: 0}
--- !u!1001 &4860032166363038655
PrefabInstance:
  m_ObjectHideFlags: 0
  serializedVersion: 2
  m_Modification:
    m_TransformParent: {fileID: 7356166205726703287}
    m_Modifications:
    - target: {fileID: 7168204354093572202, guid: aa8635129b6c891479755679cd5908f0,
        type: 3}
      propertyPath: m_Name
      value: Screen_Base (4)
      objectReference: {fileID: 0}
    - target: {fileID: 7507856051821591248, guid: aa8635129b6c891479755679cd5908f0,
        type: 3}
      propertyPath: m_RootOrder
      value: 4
      objectReference: {fileID: 0}
    - target: {fileID: 7507856051821591248, guid: aa8635129b6c891479755679cd5908f0,
        type: 3}
      propertyPath: m_LocalPosition.x
      value: -6.5
      objectReference: {fileID: 0}
    - target: {fileID: 7507856051821591248, guid: aa8635129b6c891479755679cd5908f0,
        type: 3}
      propertyPath: m_LocalPosition.y
      value: 0.9
      objectReference: {fileID: 0}
    - target: {fileID: 7507856051821591248, guid: aa8635129b6c891479755679cd5908f0,
        type: 3}
      propertyPath: m_LocalPosition.z
      value: 0
      objectReference: {fileID: 0}
    - target: {fileID: 7507856051821591248, guid: aa8635129b6c891479755679cd5908f0,
        type: 3}
      propertyPath: m_LocalRotation.w
      value: 1
      objectReference: {fileID: 0}
    - target: {fileID: 7507856051821591248, guid: aa8635129b6c891479755679cd5908f0,
        type: 3}
      propertyPath: m_LocalRotation.x
      value: -0
      objectReference: {fileID: 0}
    - target: {fileID: 7507856051821591248, guid: aa8635129b6c891479755679cd5908f0,
        type: 3}
      propertyPath: m_LocalRotation.y
      value: -0
      objectReference: {fileID: 0}
    - target: {fileID: 7507856051821591248, guid: aa8635129b6c891479755679cd5908f0,
        type: 3}
      propertyPath: m_LocalRotation.z
      value: -0
      objectReference: {fileID: 0}
    - target: {fileID: 7507856051821591248, guid: aa8635129b6c891479755679cd5908f0,
        type: 3}
      propertyPath: m_LocalEulerAnglesHint.x
      value: 0
      objectReference: {fileID: 0}
    - target: {fileID: 7507856051821591248, guid: aa8635129b6c891479755679cd5908f0,
        type: 3}
      propertyPath: m_LocalEulerAnglesHint.y
      value: 0
      objectReference: {fileID: 0}
    - target: {fileID: 7507856051821591248, guid: aa8635129b6c891479755679cd5908f0,
        type: 3}
      propertyPath: m_LocalEulerAnglesHint.z
      value: 0
      objectReference: {fileID: 0}
    m_RemovedComponents: []
  m_SourcePrefab: {fileID: 100100000, guid: aa8635129b6c891479755679cd5908f0, type: 3}
--- !u!4 &3117351638430202223 stripped
Transform:
  m_CorrespondingSourceObject: {fileID: 7507856051821591248, guid: aa8635129b6c891479755679cd5908f0,
    type: 3}
  m_PrefabInstance: {fileID: 4860032166363038655}
  m_PrefabAsset: {fileID: 0}
--- !u!1001 &8061876833491344662
PrefabInstance:
  m_ObjectHideFlags: 0
  serializedVersion: 2
  m_Modification:
    m_TransformParent: {fileID: 7356166205726703287}
    m_Modifications:
    - target: {fileID: 7168204354093572202, guid: aa8635129b6c891479755679cd5908f0,
        type: 3}
      propertyPath: m_Name
      value: Screen_Base (3)
      objectReference: {fileID: 0}
    - target: {fileID: 7507856051821591248, guid: aa8635129b6c891479755679cd5908f0,
        type: 3}
      propertyPath: m_RootOrder
      value: 3
      objectReference: {fileID: 0}
    - target: {fileID: 7507856051821591248, guid: aa8635129b6c891479755679cd5908f0,
        type: 3}
      propertyPath: m_LocalPosition.x
      value: 6.5
      objectReference: {fileID: 0}
    - target: {fileID: 7507856051821591248, guid: aa8635129b6c891479755679cd5908f0,
        type: 3}
      propertyPath: m_LocalPosition.y
      value: 0.9
      objectReference: {fileID: 0}
    - target: {fileID: 7507856051821591248, guid: aa8635129b6c891479755679cd5908f0,
        type: 3}
      propertyPath: m_LocalPosition.z
      value: 0
      objectReference: {fileID: 0}
    - target: {fileID: 7507856051821591248, guid: aa8635129b6c891479755679cd5908f0,
        type: 3}
      propertyPath: m_LocalRotation.w
      value: 1
      objectReference: {fileID: 0}
    - target: {fileID: 7507856051821591248, guid: aa8635129b6c891479755679cd5908f0,
        type: 3}
      propertyPath: m_LocalRotation.x
      value: -0
      objectReference: {fileID: 0}
    - target: {fileID: 7507856051821591248, guid: aa8635129b6c891479755679cd5908f0,
        type: 3}
      propertyPath: m_LocalRotation.y
      value: -0
      objectReference: {fileID: 0}
    - target: {fileID: 7507856051821591248, guid: aa8635129b6c891479755679cd5908f0,
        type: 3}
      propertyPath: m_LocalRotation.z
      value: -0
      objectReference: {fileID: 0}
    - target: {fileID: 7507856051821591248, guid: aa8635129b6c891479755679cd5908f0,
        type: 3}
      propertyPath: m_LocalEulerAnglesHint.x
      value: 0
      objectReference: {fileID: 0}
    - target: {fileID: 7507856051821591248, guid: aa8635129b6c891479755679cd5908f0,
        type: 3}
      propertyPath: m_LocalEulerAnglesHint.y
      value: 0
      objectReference: {fileID: 0}
    - target: {fileID: 7507856051821591248, guid: aa8635129b6c891479755679cd5908f0,
        type: 3}
      propertyPath: m_LocalEulerAnglesHint.z
      value: 0
      objectReference: {fileID: 0}
    m_RemovedComponents: []
  m_SourcePrefab: {fileID: 100100000, guid: aa8635129b6c891479755679cd5908f0, type: 3}
--- !u!4 &563170994762835910 stripped
Transform:
  m_CorrespondingSourceObject: {fileID: 7507856051821591248, guid: aa8635129b6c891479755679cd5908f0,
    type: 3}
  m_PrefabInstance: {fileID: 8061876833491344662}
  m_PrefabAsset: {fileID: 0}
--- !u!1001 &8741110068415139578
PrefabInstance:
  m_ObjectHideFlags: 0
  serializedVersion: 2
  m_Modification:
    m_TransformParent: {fileID: 7356166205726703287}
    m_Modifications:
    - target: {fileID: 7168204354093572202, guid: aa8635129b6c891479755679cd5908f0,
        type: 3}
      propertyPath: m_Name
      value: Screen_Base
      objectReference: {fileID: 0}
    - target: {fileID: 7507856051821591248, guid: aa8635129b6c891479755679cd5908f0,
        type: 3}
      propertyPath: m_RootOrder
      value: 0
      objectReference: {fileID: 0}
    - target: {fileID: 7507856051821591248, guid: aa8635129b6c891479755679cd5908f0,
        type: 3}
      propertyPath: m_LocalPosition.x
      value: 0
      objectReference: {fileID: 0}
    - target: {fileID: 7507856051821591248, guid: aa8635129b6c891479755679cd5908f0,
        type: 3}
      propertyPath: m_LocalPosition.y
      value: 0.9
      objectReference: {fileID: 0}
    - target: {fileID: 7507856051821591248, guid: aa8635129b6c891479755679cd5908f0,
        type: 3}
      propertyPath: m_LocalPosition.z
      value: 0
      objectReference: {fileID: 0}
    - target: {fileID: 7507856051821591248, guid: aa8635129b6c891479755679cd5908f0,
        type: 3}
      propertyPath: m_LocalRotation.w
      value: 1
      objectReference: {fileID: 0}
    - target: {fileID: 7507856051821591248, guid: aa8635129b6c891479755679cd5908f0,
        type: 3}
      propertyPath: m_LocalRotation.x
      value: -0
      objectReference: {fileID: 0}
    - target: {fileID: 7507856051821591248, guid: aa8635129b6c891479755679cd5908f0,
        type: 3}
      propertyPath: m_LocalRotation.y
      value: -0
      objectReference: {fileID: 0}
    - target: {fileID: 7507856051821591248, guid: aa8635129b6c891479755679cd5908f0,
        type: 3}
      propertyPath: m_LocalRotation.z
      value: -0
      objectReference: {fileID: 0}
    - target: {fileID: 7507856051821591248, guid: aa8635129b6c891479755679cd5908f0,
        type: 3}
      propertyPath: m_LocalEulerAnglesHint.x
      value: 0
      objectReference: {fileID: 0}
    - target: {fileID: 7507856051821591248, guid: aa8635129b6c891479755679cd5908f0,
        type: 3}
      propertyPath: m_LocalEulerAnglesHint.y
      value: 0
      objectReference: {fileID: 0}
    - target: {fileID: 7507856051821591248, guid: aa8635129b6c891479755679cd5908f0,
        type: 3}
      propertyPath: m_LocalEulerAnglesHint.z
      value: 0
      objectReference: {fileID: 0}
    m_RemovedComponents: []
  m_SourcePrefab: {fileID: 100100000, guid: aa8635129b6c891479755679cd5908f0, type: 3}
--- !u!4 &1260983734256940074 stripped
Transform:
  m_CorrespondingSourceObject: {fileID: 7507856051821591248, guid: aa8635129b6c891479755679cd5908f0,
    type: 3}
  m_PrefabInstance: {fileID: 8741110068415139578}
  m_PrefabAsset: {fileID: 0}
