%YAML 1.1
%TAG !u! tag:unity3d.com,2011:
--- !u!29 &1
OcclusionCullingSettings:
  m_ObjectHideFlags: 0
  serializedVersion: 2
  m_OcclusionBakeSettings:
    smallestOccluder: 5
    smallestHole: 0.25
    backfaceThreshold: 100
  m_SceneGUID: 00000000000000000000000000000000
  m_OcclusionCullingData: {fileID: 0}
--- !u!104 &2
RenderSettings:
  m_ObjectHideFlags: 0
  serializedVersion: 9
  m_Fog: 0
  m_FogColor: {r: 0.5, g: 0.5, b: 0.5, a: 1}
  m_FogMode: 3
  m_FogDensity: 0.01
  m_LinearFogStart: 0
  m_LinearFogEnd: 300
  m_AmbientSkyColor: {r: 0.212, g: 0.227, b: 0.259, a: 1}
  m_AmbientEquatorColor: {r: 0.114, g: 0.125, b: 0.133, a: 1}
  m_AmbientGroundColor: {r: 0.047, g: 0.043, b: 0.035, a: 1}
  m_AmbientIntensity: 1
  m_AmbientMode: 0
  m_SubtractiveShadowColor: {r: 0.42, g: 0.478, b: 0.627, a: 1}
  m_SkyboxMaterial: {fileID: 10304, guid: 0000000000000000f000000000000000, type: 0}
  m_HaloStrength: 0.5
  m_FlareStrength: 1
  m_FlareFadeSpeed: 3
  m_HaloTexture: {fileID: 0}
  m_SpotCookie: {fileID: 10001, guid: 0000000000000000e000000000000000, type: 0}
  m_DefaultReflectionMode: 0
  m_DefaultReflectionResolution: 128
  m_ReflectionBounces: 1
  m_ReflectionIntensity: 1
  m_CustomReflection: {fileID: 0}
  m_Sun: {fileID: 0}
  m_IndirectSpecularColor: {r: 0.18028378, g: 0.22571412, b: 0.30692285, a: 1}
  m_UseRadianceAmbientProbe: 0
--- !u!157 &3
LightmapSettings:
  m_ObjectHideFlags: 0
  serializedVersion: 11
  m_GIWorkflowMode: 1
  m_GISettings:
    serializedVersion: 2
    m_BounceScale: 1
    m_IndirectOutputScale: 1
    m_AlbedoBoost: 1
    m_EnvironmentLightingMode: 0
    m_EnableBakedLightmaps: 1
    m_EnableRealtimeLightmaps: 0
  m_LightmapEditorSettings:
    serializedVersion: 12
    m_Resolution: 2
    m_BakeResolution: 40
    m_AtlasSize: 1024
    m_AO: 0
    m_AOMaxDistance: 1
    m_CompAOExponent: 1
    m_CompAOExponentDirect: 0
    m_ExtractAmbientOcclusion: 0
    m_Padding: 2
    m_LightmapParameters: {fileID: 0}
    m_LightmapsBakeMode: 1
    m_TextureCompression: 1
    m_FinalGather: 0
    m_FinalGatherFiltering: 1
    m_FinalGatherRayCount: 256
    m_ReflectionCompression: 2
    m_MixedBakeMode: 2
    m_BakeBackend: 2
    m_PVRSampling: 1
    m_PVRDirectSampleCount: 32
    m_PVRSampleCount: 512
    m_PVRBounces: 2
    m_PVREnvironmentSampleCount: 256
    m_PVREnvironmentReferencePointCount: 2048
    m_PVRFilteringMode: 1
    m_PVRDenoiserTypeDirect: 1
    m_PVRDenoiserTypeIndirect: 1
    m_PVRDenoiserTypeAO: 1
    m_PVRFilterTypeDirect: 0
    m_PVRFilterTypeIndirect: 0
    m_PVRFilterTypeAO: 0
    m_PVREnvironmentMIS: 1
    m_PVRCulling: 1
    m_PVRFilteringGaussRadiusDirect: 1
    m_PVRFilteringGaussRadiusIndirect: 5
    m_PVRFilteringGaussRadiusAO: 2
    m_PVRFilteringAtrousPositionSigmaDirect: 0.5
    m_PVRFilteringAtrousPositionSigmaIndirect: 2
    m_PVRFilteringAtrousPositionSigmaAO: 1
    m_ExportTrainingData: 0
    m_TrainingDataDestination: TrainingData
    m_LightProbeSampleCountMultiplier: 4
  m_LightingDataAsset: {fileID: 0}
  m_UseShadowmask: 1
--- !u!196 &4
NavMeshSettings:
  serializedVersion: 2
  m_ObjectHideFlags: 0
  m_BuildSettings:
    serializedVersion: 2
    agentTypeID: 0
    agentRadius: 0.5
    agentHeight: 2
    agentSlope: 45
    agentClimb: 0.4
    ledgeDropHeight: 0
    maxJumpAcrossDistance: 0
    minRegionArea: 2
    manualCellSize: 0
    cellSize: 0.16666667
    manualTileSize: 0
    tileSize: 256
    accuratePlacement: 0
    debug:
      m_Flags: 0
  m_NavMeshData: {fileID: 0}
--- !u!1 &48184178
GameObject:
  m_ObjectHideFlags: 0
  m_CorrespondingSourceObject: {fileID: 0}
  m_PrefabInstance: {fileID: 0}
  m_PrefabAsset: {fileID: 0}
  serializedVersion: 6
  m_Component:
  - component: {fileID: 48184182}
  - component: {fileID: 48184181}
  - component: {fileID: 48184180}
  - component: {fileID: 48184179}
  m_Layer: 0
  m_Name: Cube
  m_TagString: Untagged
  m_Icon: {fileID: 0}
  m_NavMeshLayer: 0
  m_StaticEditorFlags: 0
  m_IsActive: 1
--- !u!65 &48184179
BoxCollider:
  m_ObjectHideFlags: 0
  m_CorrespondingSourceObject: {fileID: 0}
  m_PrefabInstance: {fileID: 0}
  m_PrefabAsset: {fileID: 0}
  m_GameObject: {fileID: 48184178}
  m_Material: {fileID: 0}
  m_IsTrigger: 0
  m_Enabled: 1
  serializedVersion: 2
  m_Size: {x: 1, y: 1, z: 1}
  m_Center: {x: 0, y: 0, z: 0}
--- !u!23 &48184180
MeshRenderer:
  m_ObjectHideFlags: 0
  m_CorrespondingSourceObject: {fileID: 0}
  m_PrefabInstance: {fileID: 0}
  m_PrefabAsset: {fileID: 0}
  m_GameObject: {fileID: 48184178}
  m_Enabled: 1
  m_CastShadows: 1
  m_ReceiveShadows: 1
  m_DynamicOccludee: 1
  m_MotionVectors: 1
  m_LightProbeUsage: 1
  m_ReflectionProbeUsage: 1
  m_RayTracingMode: 2
  m_RenderingLayerMask: 1
  m_RendererPriority: 0
  m_Materials:
  - {fileID: 2100000, guid: 1f469db6146a6c841aa0b29e0c58cf4e, type: 2}
  m_StaticBatchInfo:
    firstSubMesh: 0
    subMeshCount: 0
  m_StaticBatchRoot: {fileID: 0}
  m_ProbeAnchor: {fileID: 0}
  m_LightProbeVolumeOverride: {fileID: 0}
  m_ScaleInLightmap: 1
  m_ReceiveGI: 1
  m_PreserveUVs: 0
  m_IgnoreNormalsForChartDetection: 0
  m_ImportantGI: 0
  m_StitchLightmapSeams: 1
  m_SelectedEditorRenderState: 3
  m_MinimumChartSize: 4
  m_AutoUVMaxDistance: 0.5
  m_AutoUVMaxAngle: 89
  m_LightmapParameters: {fileID: 0}
  m_SortingLayerID: 0
  m_SortingLayer: 0
  m_SortingOrder: 0
--- !u!33 &48184181
MeshFilter:
  m_ObjectHideFlags: 0
  m_CorrespondingSourceObject: {fileID: 0}
  m_PrefabInstance: {fileID: 0}
  m_PrefabAsset: {fileID: 0}
  m_GameObject: {fileID: 48184178}
  m_Mesh: {fileID: 10202, guid: 0000000000000000e000000000000000, type: 0}
--- !u!4 &48184182
Transform:
  m_ObjectHideFlags: 0
  m_CorrespondingSourceObject: {fileID: 0}
  m_PrefabInstance: {fileID: 0}
  m_PrefabAsset: {fileID: 0}
  m_GameObject: {fileID: 48184178}
  m_LocalRotation: {x: 0, y: 0, z: 0, w: 1}
  m_LocalPosition: {x: -3.29, y: 0.42, z: 1.94}
  m_LocalScale: {x: 3.2426, y: 1, z: 1.6756}
  m_Children: []
  m_Father: {fileID: 0}
  m_RootOrder: 1
  m_LocalEulerAnglesHint: {x: 0, y: 0, z: 0}
--- !u!1 &293021241 stripped
GameObject:
  m_CorrespondingSourceObject: {fileID: 9080824069928665051, guid: ce816f2e6abb0504092c23ed9b970dfd,
    type: 3}
  m_PrefabInstance: {fileID: 940438658}
  m_PrefabAsset: {fileID: 0}
--- !u!1 &431878089
GameObject:
  m_ObjectHideFlags: 0
  m_CorrespondingSourceObject: {fileID: 0}
  m_PrefabInstance: {fileID: 0}
  m_PrefabAsset: {fileID: 0}
  serializedVersion: 6
  m_Component:
  - component: {fileID: 431878093}
  - component: {fileID: 431878092}
  - component: {fileID: 431878091}
  - component: {fileID: 431878090}
  - component: {fileID: 431878094}
  m_Layer: 8
  m_Name: DebugSphere
  m_TagString: Player
  m_Icon: {fileID: 0}
  m_NavMeshLayer: 0
  m_StaticEditorFlags: 0
  m_IsActive: 1
--- !u!135 &431878090
SphereCollider:
  m_ObjectHideFlags: 0
  m_CorrespondingSourceObject: {fileID: 0}
  m_PrefabInstance: {fileID: 0}
  m_PrefabAsset: {fileID: 0}
  m_GameObject: {fileID: 431878089}
  m_Material: {fileID: 0}
  m_IsTrigger: 0
  m_Enabled: 1
  serializedVersion: 2
  m_Radius: 0.5
  m_Center: {x: 0, y: 0, z: 0}
--- !u!23 &431878091
MeshRenderer:
  m_ObjectHideFlags: 0
  m_CorrespondingSourceObject: {fileID: 0}
  m_PrefabInstance: {fileID: 0}
  m_PrefabAsset: {fileID: 0}
  m_GameObject: {fileID: 431878089}
  m_Enabled: 1
  m_CastShadows: 1
  m_ReceiveShadows: 1
  m_DynamicOccludee: 1
  m_MotionVectors: 1
  m_LightProbeUsage: 1
  m_ReflectionProbeUsage: 1
  m_RayTracingMode: 2
  m_RenderingLayerMask: 1
  m_RendererPriority: 0
  m_Materials:
  - {fileID: 2100000, guid: 31321ba15b8f8eb4c954353edc038b1d, type: 2}
  m_StaticBatchInfo:
    firstSubMesh: 0
    subMeshCount: 0
  m_StaticBatchRoot: {fileID: 0}
  m_ProbeAnchor: {fileID: 0}
  m_LightProbeVolumeOverride: {fileID: 0}
  m_ScaleInLightmap: 1
  m_ReceiveGI: 1
  m_PreserveUVs: 0
  m_IgnoreNormalsForChartDetection: 0
  m_ImportantGI: 0
  m_StitchLightmapSeams: 1
  m_SelectedEditorRenderState: 3
  m_MinimumChartSize: 4
  m_AutoUVMaxDistance: 0.5
  m_AutoUVMaxAngle: 89
  m_LightmapParameters: {fileID: 0}
  m_SortingLayerID: 0
  m_SortingLayer: 0
  m_SortingOrder: 0
--- !u!33 &431878092
MeshFilter:
  m_ObjectHideFlags: 0
  m_CorrespondingSourceObject: {fileID: 0}
  m_PrefabInstance: {fileID: 0}
  m_PrefabAsset: {fileID: 0}
  m_GameObject: {fileID: 431878089}
  m_Mesh: {fileID: 10207, guid: 0000000000000000e000000000000000, type: 0}
--- !u!4 &431878093
Transform:
  m_ObjectHideFlags: 0
  m_CorrespondingSourceObject: {fileID: 0}
  m_PrefabInstance: {fileID: 0}
  m_PrefabAsset: {fileID: 0}
  m_GameObject: {fileID: 431878089}
  m_LocalRotation: {x: 0, y: 0, z: 0, w: 1}
  m_LocalPosition: {x: 0.537, y: 0.89, z: -0.2691}
  m_LocalScale: {x: 0.083638, y: 0.083638, z: 0.083638}
  m_Children: []
  m_Father: {fileID: 0}
  m_RootOrder: 6
  m_LocalEulerAnglesHint: {x: 0, y: 0, z: 0}
--- !u!54 &431878094
Rigidbody:
  m_ObjectHideFlags: 0
  m_CorrespondingSourceObject: {fileID: 0}
  m_PrefabInstance: {fileID: 0}
  m_PrefabAsset: {fileID: 0}
  m_GameObject: {fileID: 431878089}
  serializedVersion: 2
  m_Mass: 10
  m_Drag: 10
  m_AngularDrag: 0.05
  m_UseGravity: 0
  m_IsKinematic: 0
  m_Interpolate: 0
  m_Constraints: 0
  m_CollisionDetection: 0
--- !u!1 &582305154
GameObject:
  m_ObjectHideFlags: 0
  m_CorrespondingSourceObject: {fileID: 0}
  m_PrefabInstance: {fileID: 0}
  m_PrefabAsset: {fileID: 0}
  serializedVersion: 6
  m_Component:
  - component: {fileID: 582305158}
  - component: {fileID: 582305157}
  - component: {fileID: 582305156}
  - component: {fileID: 582305155}
  m_Layer: 0
  m_Name: Cube (1)
  m_TagString: Untagged
  m_Icon: {fileID: 0}
  m_NavMeshLayer: 0
  m_StaticEditorFlags: 0
  m_IsActive: 1
--- !u!65 &582305155
BoxCollider:
  m_ObjectHideFlags: 0
  m_CorrespondingSourceObject: {fileID: 0}
  m_PrefabInstance: {fileID: 0}
  m_PrefabAsset: {fileID: 0}
  m_GameObject: {fileID: 582305154}
  m_Material: {fileID: 0}
  m_IsTrigger: 0
  m_Enabled: 1
  serializedVersion: 2
  m_Size: {x: 1, y: 1, z: 1}
  m_Center: {x: 0, y: 0, z: 0}
--- !u!23 &582305156
MeshRenderer:
  m_ObjectHideFlags: 0
  m_CorrespondingSourceObject: {fileID: 0}
  m_PrefabInstance: {fileID: 0}
  m_PrefabAsset: {fileID: 0}
  m_GameObject: {fileID: 582305154}
  m_Enabled: 1
  m_CastShadows: 1
  m_ReceiveShadows: 1
  m_DynamicOccludee: 1
  m_MotionVectors: 1
  m_LightProbeUsage: 1
  m_ReflectionProbeUsage: 1
  m_RayTracingMode: 2
  m_RenderingLayerMask: 1
  m_RendererPriority: 0
  m_Materials:
  - {fileID: 2100000, guid: 31321ba15b8f8eb4c954353edc038b1d, type: 2}
  m_StaticBatchInfo:
    firstSubMesh: 0
    subMeshCount: 0
  m_StaticBatchRoot: {fileID: 0}
  m_ProbeAnchor: {fileID: 0}
  m_LightProbeVolumeOverride: {fileID: 0}
  m_ScaleInLightmap: 1
  m_ReceiveGI: 1
  m_PreserveUVs: 0
  m_IgnoreNormalsForChartDetection: 0
  m_ImportantGI: 0
  m_StitchLightmapSeams: 1
  m_SelectedEditorRenderState: 3
  m_MinimumChartSize: 4
  m_AutoUVMaxDistance: 0.5
  m_AutoUVMaxAngle: 89
  m_LightmapParameters: {fileID: 0}
  m_SortingLayerID: 0
  m_SortingLayer: 0
  m_SortingOrder: 0
--- !u!33 &582305157
MeshFilter:
  m_ObjectHideFlags: 0
  m_CorrespondingSourceObject: {fileID: 0}
  m_PrefabInstance: {fileID: 0}
  m_PrefabAsset: {fileID: 0}
  m_GameObject: {fileID: 582305154}
  m_Mesh: {fileID: 10202, guid: 0000000000000000e000000000000000, type: 0}
--- !u!4 &582305158
Transform:
  m_ObjectHideFlags: 0
  m_CorrespondingSourceObject: {fileID: 0}
  m_PrefabInstance: {fileID: 0}
  m_PrefabAsset: {fileID: 0}
  m_GameObject: {fileID: 582305154}
  m_LocalRotation: {x: 0, y: 0, z: 0, w: 1}
  m_LocalPosition: {x: -3.1799998, y: 0.94, z: 3.77}
  m_LocalScale: {x: 3.2426, y: 2.4095, z: 1.6756}
  m_Children: []
  m_Father: {fileID: 0}
  m_RootOrder: 0
  m_LocalEulerAnglesHint: {x: 0, y: 0, z: 0}
--- !u!1 &609826481
GameObject:
  m_ObjectHideFlags: 0
  m_CorrespondingSourceObject: {fileID: 0}
  m_PrefabInstance: {fileID: 0}
  m_PrefabAsset: {fileID: 0}
  serializedVersion: 6
  m_Component:
  - component: {fileID: 609826484}
  - component: {fileID: 609826483}
  - component: {fileID: 609826482}
  - component: {fileID: 609826485}
  m_Layer: 0
  m_Name: Main Camera
  m_TagString: MainCamera
  m_Icon: {fileID: 0}
  m_NavMeshLayer: 0
  m_StaticEditorFlags: 0
  m_IsActive: 0
--- !u!81 &609826482
AudioListener:
  m_ObjectHideFlags: 0
  m_CorrespondingSourceObject: {fileID: 0}
  m_PrefabInstance: {fileID: 0}
  m_PrefabAsset: {fileID: 0}
  m_GameObject: {fileID: 609826481}
  m_Enabled: 1
--- !u!20 &609826483
Camera:
  m_ObjectHideFlags: 0
  m_CorrespondingSourceObject: {fileID: 0}
  m_PrefabInstance: {fileID: 0}
  m_PrefabAsset: {fileID: 0}
  m_GameObject: {fileID: 609826481}
  m_Enabled: 1
  serializedVersion: 2
  m_ClearFlags: 1
  m_BackGroundColor: {r: 0.19215687, g: 0.3019608, b: 0.4745098, a: 0}
  m_projectionMatrixMode: 1
  m_GateFitMode: 2
  m_FOVAxisMode: 0
  m_SensorSize: {x: 36, y: 24}
  m_LensShift: {x: 0, y: 0}
  m_FocalLength: 50
  m_NormalizedViewPortRect:
    serializedVersion: 2
    x: 0
    y: 0
    width: 1
    height: 1
  near clip plane: 0.3
  far clip plane: 1000
  field of view: 60
  orthographic: 0
  orthographic size: 5
  m_Depth: -1
  m_CullingMask:
    serializedVersion: 2
    m_Bits: 4294967295
  m_RenderingPath: -1
  m_TargetTexture: {fileID: 0}
  m_TargetDisplay: 0
  m_TargetEye: 3
  m_HDR: 1
  m_AllowMSAA: 1
  m_AllowDynamicResolution: 0
  m_ForceIntoRT: 0
  m_OcclusionCulling: 1
  m_StereoConvergence: 10
  m_StereoSeparation: 0.022
--- !u!4 &609826484
Transform:
  m_ObjectHideFlags: 0
  m_CorrespondingSourceObject: {fileID: 0}
  m_PrefabInstance: {fileID: 0}
  m_PrefabAsset: {fileID: 0}
  m_GameObject: {fileID: 609826481}
  m_LocalRotation: {x: 0, y: 0, z: 0, w: 1}
  m_LocalPosition: {x: 0, y: 1, z: -10}
  m_LocalScale: {x: 1, y: 1, z: 1}
  m_Children: []
  m_Father: {fileID: 0}
  m_RootOrder: 2
  m_LocalEulerAnglesHint: {x: 0, y: 0, z: 0}
--- !u!114 &609826485
MonoBehaviour:
  m_ObjectHideFlags: 0
  m_CorrespondingSourceObject: {fileID: 0}
  m_PrefabInstance: {fileID: 0}
  m_PrefabAsset: {fileID: 0}
  m_GameObject: {fileID: 609826481}
  m_Enabled: 1
  m_EditorHideFlags: 0
  m_Script: {fileID: 11500000, guid: a79441f348de89743a2939f4d699eac1, type: 3}
  m_Name: 
  m_EditorClassIdentifier: 
  m_RenderShadows: 1
  m_RequiresDepthTextureOption: 2
  m_RequiresOpaqueTextureOption: 2
  m_CameraType: 0
  m_Cameras: []
  m_RendererIndex: -1
  m_VolumeLayerMask:
    serializedVersion: 2
    m_Bits: 1
  m_VolumeTrigger: {fileID: 0}
  m_RenderPostProcessing: 0
  m_Antialiasing: 0
  m_AntialiasingQuality: 2
  m_StopNaN: 0
  m_Dithering: 0
  m_ClearDepth: 1
  m_RequiresDepthTexture: 0
  m_RequiresColorTexture: 0
  m_Version: 2
--- !u!1 &919074843
GameObject:
  m_ObjectHideFlags: 0
  m_CorrespondingSourceObject: {fileID: 0}
  m_PrefabInstance: {fileID: 0}
  m_PrefabAsset: {fileID: 0}
  serializedVersion: 6
  m_Component:
  - component: {fileID: 919074847}
  - component: {fileID: 919074846}
  - component: {fileID: 919074845}
  - component: {fileID: 919074844}
  m_Layer: 0
  m_Name: Ground
  m_TagString: Untagged
  m_Icon: {fileID: 0}
  m_NavMeshLayer: 0
  m_StaticEditorFlags: 0
  m_IsActive: 1
--- !u!64 &919074844
MeshCollider:
  m_ObjectHideFlags: 0
  m_CorrespondingSourceObject: {fileID: 0}
  m_PrefabInstance: {fileID: 0}
  m_PrefabAsset: {fileID: 0}
  m_GameObject: {fileID: 919074843}
  m_Material: {fileID: 0}
  m_IsTrigger: 0
  m_Enabled: 1
  serializedVersion: 4
  m_Convex: 0
  m_CookingOptions: 30
  m_Mesh: {fileID: 10209, guid: 0000000000000000e000000000000000, type: 0}
--- !u!23 &919074845
MeshRenderer:
  m_ObjectHideFlags: 0
  m_CorrespondingSourceObject: {fileID: 0}
  m_PrefabInstance: {fileID: 0}
  m_PrefabAsset: {fileID: 0}
  m_GameObject: {fileID: 919074843}
  m_Enabled: 1
  m_CastShadows: 1
  m_ReceiveShadows: 1
  m_DynamicOccludee: 1
  m_MotionVectors: 1
  m_LightProbeUsage: 1
  m_ReflectionProbeUsage: 1
  m_RayTracingMode: 2
  m_RenderingLayerMask: 1
  m_RendererPriority: 0
  m_Materials:
  - {fileID: 2100000, guid: f0ecfd23b6c959044940cb5758f1cbc7, type: 2}
  m_StaticBatchInfo:
    firstSubMesh: 0
    subMeshCount: 0
  m_StaticBatchRoot: {fileID: 0}
  m_ProbeAnchor: {fileID: 0}
  m_LightProbeVolumeOverride: {fileID: 0}
  m_ScaleInLightmap: 1
  m_ReceiveGI: 1
  m_PreserveUVs: 0
  m_IgnoreNormalsForChartDetection: 0
  m_ImportantGI: 0
  m_StitchLightmapSeams: 1
  m_SelectedEditorRenderState: 3
  m_MinimumChartSize: 4
  m_AutoUVMaxDistance: 0.5
  m_AutoUVMaxAngle: 89
  m_LightmapParameters: {fileID: 0}
  m_SortingLayerID: 0
  m_SortingLayer: 0
  m_SortingOrder: 0
--- !u!33 &919074846
MeshFilter:
  m_ObjectHideFlags: 0
  m_CorrespondingSourceObject: {fileID: 0}
  m_PrefabInstance: {fileID: 0}
  m_PrefabAsset: {fileID: 0}
  m_GameObject: {fileID: 919074843}
  m_Mesh: {fileID: 10209, guid: 0000000000000000e000000000000000, type: 0}
--- !u!4 &919074847
Transform:
  m_ObjectHideFlags: 0
  m_CorrespondingSourceObject: {fileID: 0}
  m_PrefabInstance: {fileID: 0}
  m_PrefabAsset: {fileID: 0}
  m_GameObject: {fileID: 919074843}
  m_LocalRotation: {x: 0, y: 0, z: 0, w: 1}
  m_LocalPosition: {x: -0.25565568, y: -0.14437447, z: 0.1266675}
  m_LocalScale: {x: 15.342, y: 15.342, z: 15.342}
  m_Children: []
  m_Father: {fileID: 0}
  m_RootOrder: 4
  m_LocalEulerAnglesHint: {x: 0, y: 0, z: 0}
--- !u!1 &936411247
GameObject:
  m_ObjectHideFlags: 0
  m_CorrespondingSourceObject: {fileID: 0}
  m_PrefabInstance: {fileID: 0}
  m_PrefabAsset: {fileID: 0}
  serializedVersion: 6
  m_Component:
  - component: {fileID: 936411249}
  - component: {fileID: 936411248}
  m_Layer: 0
  m_Name: Directional Light
  m_TagString: Untagged
  m_Icon: {fileID: 0}
  m_NavMeshLayer: 0
  m_StaticEditorFlags: 0
  m_IsActive: 1
--- !u!108 &936411248
Light:
  m_ObjectHideFlags: 0
  m_CorrespondingSourceObject: {fileID: 0}
  m_PrefabInstance: {fileID: 0}
  m_PrefabAsset: {fileID: 0}
  m_GameObject: {fileID: 936411247}
  m_Enabled: 1
  serializedVersion: 10
  m_Type: 1
  m_Shape: 0
  m_Color: {r: 1, g: 0.95686275, b: 0.8392157, a: 1}
  m_Intensity: 1
  m_Range: 10
  m_SpotAngle: 30
  m_InnerSpotAngle: 21.80208
  m_CookieSize: 10
  m_Shadows:
    m_Type: 2
    m_Resolution: -1
    m_CustomResolution: -1
    m_Strength: 1
    m_Bias: 0.05
    m_NormalBias: 0.4
    m_NearPlane: 0.2
    m_CullingMatrixOverride:
      e00: 1
      e01: 0
      e02: 0
      e03: 0
      e10: 0
      e11: 1
      e12: 0
      e13: 0
      e20: 0
      e21: 0
      e22: 1
      e23: 0
      e30: 0
      e31: 0
      e32: 0
      e33: 1
    m_UseCullingMatrixOverride: 0
  m_Cookie: {fileID: 0}
  m_DrawHalo: 0
  m_Flare: {fileID: 0}
  m_RenderMode: 0
  m_CullingMask:
    serializedVersion: 2
    m_Bits: 4294967295
  m_RenderingLayerMask: 1
  m_Lightmapping: 4
  m_LightShadowCasterMode: 0
  m_AreaSize: {x: 1, y: 1}
  m_BounceIntensity: 1
  m_ColorTemperature: 6570
  m_UseColorTemperature: 0
  m_BoundingSphereOverride: {x: 0, y: 0, z: 0, w: 0}
  m_UseBoundingSphereOverride: 0
  m_ShadowRadius: 0
  m_ShadowAngle: 0
--- !u!4 &936411249
Transform:
  m_ObjectHideFlags: 0
  m_CorrespondingSourceObject: {fileID: 0}
  m_PrefabInstance: {fileID: 0}
  m_PrefabAsset: {fileID: 0}
  m_GameObject: {fileID: 936411247}
  m_LocalRotation: {x: 0.40821788, y: -0.23456968, z: 0.10938163, w: 0.8754261}
  m_LocalPosition: {x: 0, y: 3, z: 0}
  m_LocalScale: {x: 1, y: 1, z: 1}
  m_Children: []
  m_Father: {fileID: 0}
  m_RootOrder: 3
  m_LocalEulerAnglesHint: {x: 50, y: -30, z: 0}
--- !u!1001 &940438658
PrefabInstance:
  m_ObjectHideFlags: 0
  serializedVersion: 2
  m_Modification:
    m_TransformParent: {fileID: 0}
    m_Modifications:
    - target: {fileID: 100008, guid: ce816f2e6abb0504092c23ed9b970dfd, type: 3}
      propertyPath: m_Name
      value: OVRPlayerController
      objectReference: {fileID: 0}
    - target: {fileID: 400006, guid: ce816f2e6abb0504092c23ed9b970dfd, type: 3}
      propertyPath: m_RootOrder
      value: 8
      objectReference: {fileID: 0}
    - target: {fileID: 400006, guid: ce816f2e6abb0504092c23ed9b970dfd, type: 3}
      propertyPath: m_LocalPosition.x
      value: 0.616
      objectReference: {fileID: 0}
    - target: {fileID: 400006, guid: ce816f2e6abb0504092c23ed9b970dfd, type: 3}
      propertyPath: m_LocalPosition.y
      value: 1
      objectReference: {fileID: 0}
    - target: {fileID: 400006, guid: ce816f2e6abb0504092c23ed9b970dfd, type: 3}
      propertyPath: m_LocalPosition.z
      value: -0.732
      objectReference: {fileID: 0}
    - target: {fileID: 400006, guid: ce816f2e6abb0504092c23ed9b970dfd, type: 3}
      propertyPath: m_LocalRotation.w
      value: 1
      objectReference: {fileID: 0}
    - target: {fileID: 400006, guid: ce816f2e6abb0504092c23ed9b970dfd, type: 3}
      propertyPath: m_LocalRotation.x
      value: 0
      objectReference: {fileID: 0}
    - target: {fileID: 400006, guid: ce816f2e6abb0504092c23ed9b970dfd, type: 3}
      propertyPath: m_LocalRotation.y
      value: 0
      objectReference: {fileID: 0}
    - target: {fileID: 400006, guid: ce816f2e6abb0504092c23ed9b970dfd, type: 3}
      propertyPath: m_LocalRotation.z
      value: 0
      objectReference: {fileID: 0}
    - target: {fileID: 400006, guid: ce816f2e6abb0504092c23ed9b970dfd, type: 3}
      propertyPath: m_LocalEulerAnglesHint.x
      value: 0
      objectReference: {fileID: 0}
    - target: {fileID: 400006, guid: ce816f2e6abb0504092c23ed9b970dfd, type: 3}
      propertyPath: m_LocalEulerAnglesHint.y
      value: 0
      objectReference: {fileID: 0}
    - target: {fileID: 400006, guid: ce816f2e6abb0504092c23ed9b970dfd, type: 3}
      propertyPath: m_LocalEulerAnglesHint.z
      value: 0
      objectReference: {fileID: 0}
    - target: {fileID: 124630158382932852, guid: ce816f2e6abb0504092c23ed9b970dfd,
        type: 3}
      propertyPath: m_LocalScale.x
      value: 0.014433531
      objectReference: {fileID: 0}
    - target: {fileID: 124630158382932852, guid: ce816f2e6abb0504092c23ed9b970dfd,
        type: 3}
      propertyPath: m_LocalScale.y
      value: 0.0144335255
      objectReference: {fileID: 0}
    - target: {fileID: 124630158382932852, guid: ce816f2e6abb0504092c23ed9b970dfd,
        type: 3}
      propertyPath: m_LocalScale.z
      value: 0.014433528
      objectReference: {fileID: 0}
    - target: {fileID: 634036659765347265, guid: ce816f2e6abb0504092c23ed9b970dfd,
        type: 3}
      propertyPath: m_LocalScale.x
      value: 0.014433527
      objectReference: {fileID: 0}
    - target: {fileID: 634036659765347265, guid: ce816f2e6abb0504092c23ed9b970dfd,
        type: 3}
      propertyPath: m_LocalScale.y
      value: 0.0144335255
      objectReference: {fileID: 0}
    - target: {fileID: 634036659765347265, guid: ce816f2e6abb0504092c23ed9b970dfd,
        type: 3}
      propertyPath: m_LocalScale.z
      value: 0.014433527
      objectReference: {fileID: 0}
    - target: {fileID: 962542767112413349, guid: ce816f2e6abb0504092c23ed9b970dfd,
        type: 3}
      propertyPath: m_IsActive
      value: 1
      objectReference: {fileID: 0}
    - target: {fileID: 1318502328088082905, guid: ce816f2e6abb0504092c23ed9b970dfd,
        type: 3}
      propertyPath: m_LocalRotation.w
      value: 0.2381234
      objectReference: {fileID: 0}
    - target: {fileID: 1318502328088082905, guid: ce816f2e6abb0504092c23ed9b970dfd,
        type: 3}
      propertyPath: m_LocalRotation.x
      value: -0.0064993068
      objectReference: {fileID: 0}
    - target: {fileID: 1318502328088082905, guid: ce816f2e6abb0504092c23ed9b970dfd,
        type: 3}
      propertyPath: m_LocalRotation.y
      value: -0.06399098
      objectReference: {fileID: 0}
    - target: {fileID: 1318502328088082905, guid: ce816f2e6abb0504092c23ed9b970dfd,
        type: 3}
      propertyPath: m_LocalRotation.z
      value: 0.9691028
      objectReference: {fileID: 0}
    - target: {fileID: 1318588426190304277, guid: ce816f2e6abb0504092c23ed9b970dfd,
        type: 3}
      propertyPath: m_LocalRotation.w
      value: 0.1613121
      objectReference: {fileID: 0}
    - target: {fileID: 1318588426190304277, guid: ce816f2e6abb0504092c23ed9b970dfd,
        type: 3}
      propertyPath: m_LocalRotation.x
      value: -0.13005391
      objectReference: {fileID: 0}
    - target: {fileID: 1318588426190304277, guid: ce816f2e6abb0504092c23ed9b970dfd,
        type: 3}
      propertyPath: m_LocalRotation.y
      value: 0.58185726
      objectReference: {fileID: 0}
    - target: {fileID: 1318588426190304277, guid: ce816f2e6abb0504092c23ed9b970dfd,
        type: 3}
      propertyPath: m_LocalRotation.z
      value: 0.7864519
      objectReference: {fileID: 0}
    - target: {fileID: 1318791531685067011, guid: ce816f2e6abb0504092c23ed9b970dfd,
        type: 3}
      propertyPath: m_LocalRotation.w
      value: 0.95884395
      objectReference: {fileID: 0}
    - target: {fileID: 1318791531685067011, guid: ce816f2e6abb0504092c23ed9b970dfd,
        type: 3}
      propertyPath: m_LocalRotation.x
      value: -1.0320353e-17
      objectReference: {fileID: 0}
    - target: {fileID: 1318791531685067011, guid: ce816f2e6abb0504092c23ed9b970dfd,
        type: 3}
      propertyPath: m_LocalRotation.y
      value: 8.378469e-17
      objectReference: {fileID: 0}
    - target: {fileID: 1318791531685067011, guid: ce816f2e6abb0504092c23ed9b970dfd,
        type: 3}
      propertyPath: m_LocalRotation.z
      value: -0.28393373
      objectReference: {fileID: 0}
    - target: {fileID: 1318844025897167393, guid: ce816f2e6abb0504092c23ed9b970dfd,
        type: 3}
      propertyPath: m_LocalRotation.w
      value: 0.9914793
      objectReference: {fileID: 0}
    - target: {fileID: 1318844025897167393, guid: ce816f2e6abb0504092c23ed9b970dfd,
        type: 3}
      propertyPath: m_LocalRotation.x
      value: 1.2973352e-18
      objectReference: {fileID: 0}
    - target: {fileID: 1318844025897167393, guid: ce816f2e6abb0504092c23ed9b970dfd,
        type: 3}
      propertyPath: m_LocalRotation.y
      value: -2.7823656e-17
      objectReference: {fileID: 0}
    - target: {fileID: 1318844025897167393, guid: ce816f2e6abb0504092c23ed9b970dfd,
        type: 3}
      propertyPath: m_LocalRotation.z
      value: -0.1302646
      objectReference: {fileID: 0}
    - target: {fileID: 1318851249653092729, guid: ce816f2e6abb0504092c23ed9b970dfd,
        type: 3}
      propertyPath: m_LocalRotation.w
      value: 0.95336753
      objectReference: {fileID: 0}
    - target: {fileID: 1318851249653092729, guid: ce816f2e6abb0504092c23ed9b970dfd,
        type: 3}
      propertyPath: m_LocalRotation.x
      value: 1.37384244e-17
      objectReference: {fileID: 0}
    - target: {fileID: 1318851249653092729, guid: ce816f2e6abb0504092c23ed9b970dfd,
        type: 3}
      propertyPath: m_LocalRotation.y
      value: -1.9944315e-16
      objectReference: {fileID: 0}
    - target: {fileID: 1318851249653092729, guid: ce816f2e6abb0504092c23ed9b970dfd,
        type: 3}
      propertyPath: m_LocalRotation.z
      value: -0.30181184
      objectReference: {fileID: 0}
    - target: {fileID: 1318869137423048687, guid: ce816f2e6abb0504092c23ed9b970dfd,
        type: 3}
      propertyPath: m_LocalRotation.w
      value: 0.16772924
      objectReference: {fileID: 0}
    - target: {fileID: 1318869137423048687, guid: ce816f2e6abb0504092c23ed9b970dfd,
        type: 3}
      propertyPath: m_LocalRotation.x
      value: -0.13000861
      objectReference: {fileID: 0}
    - target: {fileID: 1318869137423048687, guid: ce816f2e6abb0504092c23ed9b970dfd,
        type: 3}
      propertyPath: m_LocalRotation.y
      value: 0.5139557
      objectReference: {fileID: 0}
    - target: {fileID: 1318869137423048687, guid: ce816f2e6abb0504092c23ed9b970dfd,
        type: 3}
      propertyPath: m_LocalRotation.z
      value: 0.8311523
      objectReference: {fileID: 0}
    - target: {fileID: 1318960154945130987, guid: ce816f2e6abb0504092c23ed9b970dfd,
        type: 3}
      propertyPath: m_LocalRotation.w
      value: 0.99095535
      objectReference: {fileID: 0}
    - target: {fileID: 1318960154945130987, guid: ce816f2e6abb0504092c23ed9b970dfd,
        type: 3}
      propertyPath: m_LocalRotation.x
      value: 0.0000000074505486
      objectReference: {fileID: 0}
    - target: {fileID: 1318960154945130987, guid: ce816f2e6abb0504092c23ed9b970dfd,
        type: 3}
      propertyPath: m_LocalRotation.y
      value: 2.1995279e-11
      objectReference: {fileID: 0}
    - target: {fileID: 1318960154945130987, guid: ce816f2e6abb0504092c23ed9b970dfd,
        type: 3}
      propertyPath: m_LocalRotation.z
      value: -0.13419232
      objectReference: {fileID: 0}
    - target: {fileID: 1320175026658069047, guid: ce816f2e6abb0504092c23ed9b970dfd,
        type: 3}
      propertyPath: m_LocalRotation.w
      value: 0.9856573
      objectReference: {fileID: 0}
    - target: {fileID: 1320175026658069047, guid: ce816f2e6abb0504092c23ed9b970dfd,
        type: 3}
      propertyPath: m_LocalRotation.x
      value: -1.1889354e-17
      objectReference: {fileID: 0}
    - target: {fileID: 1320175026658069047, guid: ce816f2e6abb0504092c23ed9b970dfd,
        type: 3}
      propertyPath: m_LocalRotation.y
      value: 9.652247e-17
      objectReference: {fileID: 0}
    - target: {fileID: 1320175026658069047, guid: ce816f2e6abb0504092c23ed9b970dfd,
        type: 3}
      propertyPath: m_LocalRotation.z
      value: -0.16875952
      objectReference: {fileID: 0}
    - target: {fileID: 1320382242623003161, guid: ce816f2e6abb0504092c23ed9b970dfd,
        type: 3}
      propertyPath: m_LocalRotation.w
      value: 0.9531038
      objectReference: {fileID: 0}
    - target: {fileID: 1320382242623003161, guid: ce816f2e6abb0504092c23ed9b970dfd,
        type: 3}
      propertyPath: m_LocalRotation.x
      value: 0
      objectReference: {fileID: 0}
    - target: {fileID: 1320382242623003161, guid: ce816f2e6abb0504092c23ed9b970dfd,
        type: 3}
      propertyPath: m_LocalRotation.y
      value: -0
      objectReference: {fileID: 0}
    - target: {fileID: 1320382242623003161, guid: ce816f2e6abb0504092c23ed9b970dfd,
        type: 3}
      propertyPath: m_LocalRotation.z
      value: -0.3026438
      objectReference: {fileID: 0}
    - target: {fileID: 1320473505707289955, guid: ce816f2e6abb0504092c23ed9b970dfd,
        type: 3}
      propertyPath: m_LocalPosition.x
      value: -0.07215819
      objectReference: {fileID: 0}
    - target: {fileID: 1320473505707289955, guid: ce816f2e6abb0504092c23ed9b970dfd,
        type: 3}
      propertyPath: m_LocalPosition.y
      value: 0.013962139
      objectReference: {fileID: 0}
    - target: {fileID: 1320473505707289955, guid: ce816f2e6abb0504092c23ed9b970dfd,
        type: 3}
      propertyPath: m_LocalPosition.z
      value: -0.018991696
      objectReference: {fileID: 0}
    - target: {fileID: 1320473505707289955, guid: ce816f2e6abb0504092c23ed9b970dfd,
        type: 3}
      propertyPath: m_LocalRotation.w
      value: -0.31257483
      objectReference: {fileID: 0}
    - target: {fileID: 1320473505707289955, guid: ce816f2e6abb0504092c23ed9b970dfd,
        type: 3}
      propertyPath: m_LocalRotation.x
      value: 0.5564005
      objectReference: {fileID: 0}
    - target: {fileID: 1320473505707289955, guid: ce816f2e6abb0504092c23ed9b970dfd,
        type: 3}
      propertyPath: m_LocalRotation.y
      value: -0.018750928
      objectReference: {fileID: 0}
    - target: {fileID: 1320473505707289955, guid: ce816f2e6abb0504092c23ed9b970dfd,
        type: 3}
      propertyPath: m_LocalRotation.z
      value: 0.76965183
      objectReference: {fileID: 0}
    - target: {fileID: 1320572116055321217, guid: ce816f2e6abb0504092c23ed9b970dfd,
        type: 3}
      propertyPath: m_LocalRotation.w
      value: 0.87647337
      objectReference: {fileID: 0}
    - target: {fileID: 1320572116055321217, guid: ce816f2e6abb0504092c23ed9b970dfd,
        type: 3}
      propertyPath: m_LocalRotation.x
      value: -0.46882802
      objectReference: {fileID: 0}
    - target: {fileID: 1320572116055321217, guid: ce816f2e6abb0504092c23ed9b970dfd,
        type: 3}
      propertyPath: m_LocalRotation.y
      value: -0.082201734
      objectReference: {fileID: 0}
    - target: {fileID: 1320572116055321217, guid: ce816f2e6abb0504092c23ed9b970dfd,
        type: 3}
      propertyPath: m_LocalRotation.z
      value: 0.072371535
      objectReference: {fileID: 0}
    - target: {fileID: 2643292005904524985, guid: ce816f2e6abb0504092c23ed9b970dfd,
        type: 3}
      propertyPath: aussehen
      value: 
      objectReference: {fileID: 1479536242}
    - target: {fileID: 2643292005904524985, guid: ce816f2e6abb0504092c23ed9b970dfd,
        type: 3}
      propertyPath: hauptmenu
      value: 
      objectReference: {fileID: 1204370415}
    - target: {fileID: 2643292005904524985, guid: ce816f2e6abb0504092c23ed9b970dfd,
        type: 3}
      propertyPath: erschaffen
      value: 
      objectReference: {fileID: 293021241}
    - target: {fileID: 2643292005904524985, guid: ce816f2e6abb0504092c23ed9b970dfd,
        type: 3}
      propertyPath: aussehenState
      value: UI-Aussehen-Idle
      objectReference: {fileID: 0}
    - target: {fileID: 2643292005904524985, guid: ce816f2e6abb0504092c23ed9b970dfd,
        type: 3}
      propertyPath: hauptmenuState
      value: UI-Hauptmenu-Idle
      objectReference: {fileID: 0}
    - target: {fileID: 2643292005904524985, guid: ce816f2e6abb0504092c23ed9b970dfd,
        type: 3}
      propertyPath: erschaffenState
      value: UI-Erschaffen-Idle
      objectReference: {fileID: 0}
    - target: {fileID: 3156375464421711656, guid: ce816f2e6abb0504092c23ed9b970dfd,
        type: 3}
      propertyPath: m_LocalScale.x
      value: 0.01443353
      objectReference: {fileID: 0}
    - target: {fileID: 3156375464421711656, guid: ce816f2e6abb0504092c23ed9b970dfd,
        type: 3}
      propertyPath: m_LocalScale.y
      value: 0.014433524
      objectReference: {fileID: 0}
    - target: {fileID: 3156375464421711656, guid: ce816f2e6abb0504092c23ed9b970dfd,
        type: 3}
      propertyPath: m_LocalScale.z
      value: 0.014433527
      objectReference: {fileID: 0}
    - target: {fileID: 7651113926918550839, guid: ce816f2e6abb0504092c23ed9b970dfd,
        type: 3}
      propertyPath: m_LocalRotation.w
      value: 0.95336753
      objectReference: {fileID: 0}
    - target: {fileID: 7651113926918550839, guid: ce816f2e6abb0504092c23ed9b970dfd,
        type: 3}
      propertyPath: m_LocalRotation.x
      value: 3.9198154e-17
      objectReference: {fileID: 0}
    - target: {fileID: 7651113926918550839, guid: ce816f2e6abb0504092c23ed9b970dfd,
        type: 3}
      propertyPath: m_LocalRotation.y
      value: 1.05937676e-16
      objectReference: {fileID: 0}
    - target: {fileID: 7651113926918550839, guid: ce816f2e6abb0504092c23ed9b970dfd,
        type: 3}
      propertyPath: m_LocalRotation.z
      value: -0.30181184
      objectReference: {fileID: 0}
    - target: {fileID: 7651314039537347367, guid: ce816f2e6abb0504092c23ed9b970dfd,
        type: 3}
      propertyPath: m_LocalRotation.w
      value: 0.1613121
      objectReference: {fileID: 0}
    - target: {fileID: 7651314039537347367, guid: ce816f2e6abb0504092c23ed9b970dfd,
        type: 3}
      propertyPath: m_LocalRotation.x
      value: -0.13005391
      objectReference: {fileID: 0}
    - target: {fileID: 7651314039537347367, guid: ce816f2e6abb0504092c23ed9b970dfd,
        type: 3}
      propertyPath: m_LocalRotation.y
      value: 0.58185726
      objectReference: {fileID: 0}
    - target: {fileID: 7651314039537347367, guid: ce816f2e6abb0504092c23ed9b970dfd,
        type: 3}
      propertyPath: m_LocalRotation.z
      value: 0.7864519
      objectReference: {fileID: 0}
    - target: {fileID: 7651316532513972431, guid: ce816f2e6abb0504092c23ed9b970dfd,
        type: 3}
      propertyPath: m_LocalRotation.w
      value: 0.2381234
      objectReference: {fileID: 0}
    - target: {fileID: 7651316532513972431, guid: ce816f2e6abb0504092c23ed9b970dfd,
        type: 3}
      propertyPath: m_LocalRotation.x
      value: -0.0064993068
      objectReference: {fileID: 0}
    - target: {fileID: 7651316532513972431, guid: ce816f2e6abb0504092c23ed9b970dfd,
        type: 3}
      propertyPath: m_LocalRotation.y
      value: -0.06399098
      objectReference: {fileID: 0}
    - target: {fileID: 7651316532513972431, guid: ce816f2e6abb0504092c23ed9b970dfd,
        type: 3}
      propertyPath: m_LocalRotation.z
      value: 0.9691028
      objectReference: {fileID: 0}
    - target: {fileID: 7651347755339677829, guid: ce816f2e6abb0504092c23ed9b970dfd,
        type: 3}
      propertyPath: m_LocalRotation.w
      value: 0.16772924
      objectReference: {fileID: 0}
    - target: {fileID: 7651347755339677829, guid: ce816f2e6abb0504092c23ed9b970dfd,
        type: 3}
      propertyPath: m_LocalRotation.x
      value: -0.13000861
      objectReference: {fileID: 0}
    - target: {fileID: 7651347755339677829, guid: ce816f2e6abb0504092c23ed9b970dfd,
        type: 3}
      propertyPath: m_LocalRotation.y
      value: 0.5139557
      objectReference: {fileID: 0}
    - target: {fileID: 7651347755339677829, guid: ce816f2e6abb0504092c23ed9b970dfd,
        type: 3}
      propertyPath: m_LocalRotation.z
      value: 0.8311523
      objectReference: {fileID: 0}
    - target: {fileID: 7651367817591873475, guid: ce816f2e6abb0504092c23ed9b970dfd,
        type: 3}
      propertyPath: m_LocalRotation.w
      value: 0.87647337
      objectReference: {fileID: 0}
    - target: {fileID: 7651367817591873475, guid: ce816f2e6abb0504092c23ed9b970dfd,
        type: 3}
      propertyPath: m_LocalRotation.x
      value: -0.46882802
      objectReference: {fileID: 0}
    - target: {fileID: 7651367817591873475, guid: ce816f2e6abb0504092c23ed9b970dfd,
        type: 3}
      propertyPath: m_LocalRotation.y
      value: -0.082201734
      objectReference: {fileID: 0}
    - target: {fileID: 7651367817591873475, guid: ce816f2e6abb0504092c23ed9b970dfd,
        type: 3}
      propertyPath: m_LocalRotation.z
      value: 0.072371535
      objectReference: {fileID: 0}
    - target: {fileID: 7651444810282870957, guid: ce816f2e6abb0504092c23ed9b970dfd,
        type: 3}
      propertyPath: m_LocalPosition.x
      value: 0.07215819
      objectReference: {fileID: 0}
    - target: {fileID: 7651444810282870957, guid: ce816f2e6abb0504092c23ed9b970dfd,
        type: 3}
      propertyPath: m_LocalPosition.y
      value: -0.013962139
      objectReference: {fileID: 0}
    - target: {fileID: 7651444810282870957, guid: ce816f2e6abb0504092c23ed9b970dfd,
        type: 3}
      propertyPath: m_LocalPosition.z
      value: 0.018991696
      objectReference: {fileID: 0}
    - target: {fileID: 7651662488981013493, guid: ce816f2e6abb0504092c23ed9b970dfd,
        type: 3}
      propertyPath: m_LocalRotation.w
      value: 0.99095535
      objectReference: {fileID: 0}
    - target: {fileID: 7651662488981013493, guid: ce816f2e6abb0504092c23ed9b970dfd,
        type: 3}
      propertyPath: m_LocalRotation.x
      value: 1.8057434e-16
      objectReference: {fileID: 0}
    - target: {fileID: 7651662488981013493, guid: ce816f2e6abb0504092c23ed9b970dfd,
        type: 3}
      propertyPath: m_LocalRotation.y
      value: -5.4978305e-17
      objectReference: {fileID: 0}
    - target: {fileID: 7651662488981013493, guid: ce816f2e6abb0504092c23ed9b970dfd,
        type: 3}
      propertyPath: m_LocalRotation.z
      value: -0.13419232
      objectReference: {fileID: 0}
    - target: {fileID: 7651709691949474929, guid: ce816f2e6abb0504092c23ed9b970dfd,
        type: 3}
      propertyPath: m_LocalRotation.w
      value: 0.9531038
      objectReference: {fileID: 0}
    - target: {fileID: 7651709691949474929, guid: ce816f2e6abb0504092c23ed9b970dfd,
        type: 3}
      propertyPath: m_LocalRotation.x
      value: -5.3545114e-16
      objectReference: {fileID: 0}
    - target: {fileID: 7651709691949474929, guid: ce816f2e6abb0504092c23ed9b970dfd,
        type: 3}
      propertyPath: m_LocalRotation.y
      value: 2.2175288e-16
      objectReference: {fileID: 0}
    - target: {fileID: 7651709691949474929, guid: ce816f2e6abb0504092c23ed9b970dfd,
        type: 3}
      propertyPath: m_LocalRotation.z
      value: -0.3026438
      objectReference: {fileID: 0}
    - target: {fileID: 7651758081834625245, guid: ce816f2e6abb0504092c23ed9b970dfd,
        type: 3}
      propertyPath: m_LocalRotation.w
      value: 0.95884395
      objectReference: {fileID: 0}
    - target: {fileID: 7651758081834625245, guid: ce816f2e6abb0504092c23ed9b970dfd,
        type: 3}
      propertyPath: m_LocalRotation.x
      value: -1.4914412e-16
      objectReference: {fileID: 0}
    - target: {fileID: 7651758081834625245, guid: ce816f2e6abb0504092c23ed9b970dfd,
        type: 3}
      propertyPath: m_LocalRotation.y
      value: -7.695947e-17
      objectReference: {fileID: 0}
    - target: {fileID: 7651758081834625245, guid: ce816f2e6abb0504092c23ed9b970dfd,
        type: 3}
      propertyPath: m_LocalRotation.z
      value: -0.28393373
      objectReference: {fileID: 0}
    - target: {fileID: 7651944884748070983, guid: ce816f2e6abb0504092c23ed9b970dfd,
        type: 3}
      propertyPath: m_LocalRotation.w
      value: 0.9914793
      objectReference: {fileID: 0}
    - target: {fileID: 7651944884748070983, guid: ce816f2e6abb0504092c23ed9b970dfd,
        type: 3}
      propertyPath: m_LocalRotation.x
      value: -2.4858585e-16
      objectReference: {fileID: 0}
    - target: {fileID: 7651944884748070983, guid: ce816f2e6abb0504092c23ed9b970dfd,
        type: 3}
      propertyPath: m_LocalRotation.y
      value: 3.7088744e-17
      objectReference: {fileID: 0}
    - target: {fileID: 7651944884748070983, guid: ce816f2e6abb0504092c23ed9b970dfd,
        type: 3}
      propertyPath: m_LocalRotation.z
      value: -0.1302646
      objectReference: {fileID: 0}
    - target: {fileID: 7652171830169301579, guid: ce816f2e6abb0504092c23ed9b970dfd,
        type: 3}
      propertyPath: m_LocalRotation.w
      value: 0.9856573
      objectReference: {fileID: 0}
    - target: {fileID: 7652171830169301579, guid: ce816f2e6abb0504092c23ed9b970dfd,
        type: 3}
      propertyPath: m_LocalRotation.x
      value: -1.7173844e-16
      objectReference: {fileID: 0}
    - target: {fileID: 7652171830169301579, guid: ce816f2e6abb0504092c23ed9b970dfd,
        type: 3}
      propertyPath: m_LocalRotation.y
      value: -3.0526652e-16
      objectReference: {fileID: 0}
    - target: {fileID: 7652171830169301579, guid: ce816f2e6abb0504092c23ed9b970dfd,
        type: 3}
      propertyPath: m_LocalRotation.z
      value: -0.16875952
      objectReference: {fileID: 0}
    m_RemovedComponents: []
  m_SourcePrefab: {fileID: 100100000, guid: ce816f2e6abb0504092c23ed9b970dfd, type: 3}
--- !u!1 &940438660 stripped
GameObject:
  m_CorrespondingSourceObject: {fileID: 100010, guid: ce816f2e6abb0504092c23ed9b970dfd,
    type: 3}
  m_PrefabInstance: {fileID: 940438658}
  m_PrefabAsset: {fileID: 0}
--- !u!114 &940438661
MonoBehaviour:
  m_ObjectHideFlags: 0
  m_CorrespondingSourceObject: {fileID: 0}
  m_PrefabInstance: {fileID: 0}
  m_PrefabAsset: {fileID: 0}
  m_GameObject: {fileID: 940438660}
  m_Enabled: 1
  m_EditorHideFlags: 0
  m_Script: {fileID: 11500000, guid: a79441f348de89743a2939f4d699eac1, type: 3}
  m_Name: 
  m_EditorClassIdentifier: 
  m_RenderShadows: 1
  m_RequiresDepthTextureOption: 2
  m_RequiresOpaqueTextureOption: 2
  m_CameraType: 0
  m_Cameras: []
  m_RendererIndex: -1
  m_VolumeLayerMask:
    serializedVersion: 2
    m_Bits: 1
  m_VolumeTrigger: {fileID: 0}
  m_RenderPostProcessing: 0
  m_Antialiasing: 0
  m_AntialiasingQuality: 2
  m_StopNaN: 0
  m_Dithering: 0
  m_ClearDepth: 1
  m_RequiresDepthTexture: 0
  m_RequiresColorTexture: 0
  m_Version: 2
--- !u!1 &1167383171
GameObject:
  m_ObjectHideFlags: 0
  m_CorrespondingSourceObject: {fileID: 0}
  m_PrefabInstance: {fileID: 0}
  m_PrefabAsset: {fileID: 0}
  serializedVersion: 6
  m_Component:
  - component: {fileID: 1167383173}
  - component: {fileID: 1167383172}
  m_Layer: 0
  m_Name: PPP
  m_TagString: Untagged
  m_Icon: {fileID: 0}
  m_NavMeshLayer: 0
  m_StaticEditorFlags: 0
  m_IsActive: 1
--- !u!114 &1167383172
MonoBehaviour:
  m_ObjectHideFlags: 0
  m_CorrespondingSourceObject: {fileID: 0}
  m_PrefabInstance: {fileID: 0}
  m_PrefabAsset: {fileID: 0}
  m_GameObject: {fileID: 1167383171}
  m_Enabled: 1
  m_EditorHideFlags: 0
  m_Script: {fileID: 11500000, guid: 172515602e62fb746b5d573b38a5fe58, type: 3}
  m_Name: 
  m_EditorClassIdentifier: 
  isGlobal: 1
  priority: 0
  blendDistance: 0
  weight: 1
  sharedProfile: {fileID: 11400000, guid: 52ef08a1f00183b448957b76ca1404ff, type: 2}
--- !u!4 &1167383173
Transform:
  m_ObjectHideFlags: 0
  m_CorrespondingSourceObject: {fileID: 0}
  m_PrefabInstance: {fileID: 0}
  m_PrefabAsset: {fileID: 0}
  m_GameObject: {fileID: 1167383171}
  m_LocalRotation: {x: 0, y: 0, z: 0, w: 1}
  m_LocalPosition: {x: -0.17893456, y: 0.88017035, z: -0.0029368997}
  m_LocalScale: {x: 1, y: 1, z: 1}
  m_Children: []
  m_Father: {fileID: 0}
  m_RootOrder: 7
  m_LocalEulerAnglesHint: {x: 0, y: 0, z: 0}
--- !u!1 &1204370415 stripped
GameObject:
  m_CorrespondingSourceObject: {fileID: 6859779128988322621, guid: ce816f2e6abb0504092c23ed9b970dfd,
    type: 3}
  m_PrefabInstance: {fileID: 940438658}
  m_PrefabAsset: {fileID: 0}
--- !u!1 &1380789872 stripped
GameObject:
  m_CorrespondingSourceObject: {fileID: 100014, guid: ce816f2e6abb0504092c23ed9b970dfd,
    type: 3}
  m_PrefabInstance: {fileID: 940438658}
  m_PrefabAsset: {fileID: 0}
--- !u!114 &1380789874
MonoBehaviour:
  m_ObjectHideFlags: 0
  m_CorrespondingSourceObject: {fileID: 0}
  m_PrefabInstance: {fileID: 0}
  m_PrefabAsset: {fileID: 0}
  m_GameObject: {fileID: 1380789872}
  m_Enabled: 1
  m_EditorHideFlags: 0
  m_Script: {fileID: 11500000, guid: a79441f348de89743a2939f4d699eac1, type: 3}
  m_Name: 
  m_EditorClassIdentifier: 
  m_RenderShadows: 1
  m_RequiresDepthTextureOption: 2
  m_RequiresOpaqueTextureOption: 2
  m_CameraType: 0
  m_Cameras: []
  m_RendererIndex: -1
  m_VolumeLayerMask:
    serializedVersion: 2
    m_Bits: 1
  m_VolumeTrigger: {fileID: 0}
  m_RenderPostProcessing: 0
  m_Antialiasing: 0
  m_AntialiasingQuality: 2
  m_StopNaN: 0
  m_Dithering: 0
  m_ClearDepth: 1
  m_RequiresDepthTexture: 0
  m_RequiresColorTexture: 0
  m_Version: 2
--- !u!1 &1479536242 stripped
GameObject:
  m_CorrespondingSourceObject: {fileID: 227272790834135536, guid: ce816f2e6abb0504092c23ed9b970dfd,
    type: 3}
  m_PrefabInstance: {fileID: 940438658}
  m_PrefabAsset: {fileID: 0}
--- !u!1 &1591759832 stripped
GameObject:
  m_CorrespondingSourceObject: {fileID: 100012, guid: ce816f2e6abb0504092c23ed9b970dfd,
    type: 3}
  m_PrefabInstance: {fileID: 940438658}
  m_PrefabAsset: {fileID: 0}
--- !u!114 &1591759837
MonoBehaviour:
  m_ObjectHideFlags: 0
  m_CorrespondingSourceObject: {fileID: 0}
  m_PrefabInstance: {fileID: 0}
  m_PrefabAsset: {fileID: 0}
  m_GameObject: {fileID: 1591759832}
  m_Enabled: 1
  m_EditorHideFlags: 0
  m_Script: {fileID: 11500000, guid: a79441f348de89743a2939f4d699eac1, type: 3}
  m_Name: 
  m_EditorClassIdentifier: 
  m_RenderShadows: 1
  m_RequiresDepthTextureOption: 2
  m_RequiresOpaqueTextureOption: 2
  m_CameraType: 0
  m_Cameras: []
  m_RendererIndex: -1
  m_VolumeLayerMask:
    serializedVersion: 2
    m_Bits: 1
  m_VolumeTrigger: {fileID: 0}
  m_RenderPostProcessing: 0
  m_Antialiasing: 0
  m_AntialiasingQuality: 2
  m_StopNaN: 0
  m_Dithering: 0
  m_ClearDepth: 1
  m_RequiresDepthTexture: 0
  m_RequiresColorTexture: 0
  m_Version: 2
--- !u!1 &1781780673
GameObject:
  m_ObjectHideFlags: 0
  m_CorrespondingSourceObject: {fileID: 0}
  m_PrefabInstance: {fileID: 0}
  m_PrefabAsset: {fileID: 0}
  serializedVersion: 6
  m_Component:
  - component: {fileID: 1781780675}
  - component: {fileID: 1781780674}
  m_Layer: 0
  m_Name: PlayMakerGUI
  m_TagString: Untagged
  m_Icon: {fileID: 0}
  m_NavMeshLayer: 0
  m_StaticEditorFlags: 0
  m_IsActive: 1
--- !u!114 &1781780674
MonoBehaviour:
  m_ObjectHideFlags: 0
  m_CorrespondingSourceObject: {fileID: 0}
  m_PrefabInstance: {fileID: 0}
  m_PrefabAsset: {fileID: 0}
  m_GameObject: {fileID: 1781780673}
  m_Enabled: 1
  m_EditorHideFlags: 0
  m_Script: {fileID: -73581967, guid: e743331561ef77147ae48cda9bcb8209, type: 3}
  m_Name: 
  m_EditorClassIdentifier: 
  previewOnGUI: 1
  enableGUILayout: 0
  drawStateLabels: 1
  enableStateLabelsInBuilds: 0
  GUITextureStateLabels: 0
  GUITextStateLabels: 0
  filterLabelsWithDistance: 0
  maxLabelDistance: 10
  controlMouseCursor: 1
  labelScale: 1
--- !u!4 &1781780675
Transform:
  m_ObjectHideFlags: 0
  m_CorrespondingSourceObject: {fileID: 0}
  m_PrefabInstance: {fileID: 0}
  m_PrefabAsset: {fileID: 0}
  m_GameObject: {fileID: 1781780673}
  m_LocalRotation: {x: 0, y: 0, z: 0, w: 1}
  m_LocalPosition: {x: 0, y: 0, z: 0}
  m_LocalScale: {x: 1, y: 1, z: 1}
  m_Children: []
  m_Father: {fileID: 0}
  m_RootOrder: 5
  m_LocalEulerAnglesHint: {x: 0, y: 0, z: 0}
